Ticker,Time,Millisec,LastPrice,Volume,BidVolume1,BidPrice1,AskVolume1,AskPrice1
IF1502,11:30:00,100,3413,237153,12,3412.8,46,3414
IF1502,11:30:00,100,3413,237153,12,3412.8,46,3414
IF1502,11:30:00,100,3413,237153,12,3412.8,46,3414
IF1502,13:00:00,100,3413,237153,12,3412.8,46,3414
IF1502,13:00:00,600,3406,237419,34,3406,32,3408
IF1502,13:00:01,100,3406.8,237542,7,3406.6,34,3406.8
IF1502,13:00:01,600,3406.8,237611,1,3405.8,8,3406
IF1502,13:00:02,100,3406.2,237642,4,3406.8,1,3407
IF1502,13:00:02,600,3407,237665,47,3407,4,3407.4
IF1502,13:00:03,100,3408.2,237680,1,3408,5,3408.2
IF1502,13:00:03,600,3407.8,237696,1,3407.8,3,3408
IF1502,13:00:04,100,3408,237704,2,3407.8,1,3408
IF1502,13:00:04,600,3408,237715,7,3407.8,3,3408
IF1502,13:00:05,100,3407,237751,8,3407,7,3407.4
IF1502,13:00:05,600,3406,237787,1,3406,29,3406.2
IF1502,13:00:06,100,3405,237818,4,3405,50,3405.2
IF1502,13:00:06,600,3404.4,237841,2,3404.4,1,3404.6
IF1502,13:00:07,100,3402.4,237897,2,3402.2,6,3402.8
IF1502,13:00:07,600,3402.4,237903,7,3402.4,7,3402.6
IF1502,13:00:08,100,3401.2,237952,6,3401,3,3401.2
IF1502,13:00:08,600,3400.6,237968,1,3400.2,2,3400.6
IF1502,13:00:09,100,3400.2,237971,14,3400,6,3400.4
IF1502,13:00:09,600,3398,238044,41,3397.8,1,3398
IF1502,13:00:10,100,3399.2,238166,50,3399,4,3399.2
IF1502,13:00:10,600,3400.4,238210,15,3400.2,12,3400.4
IF1502,13:00:11,100,3401,238230,2,3401,9,3401.4
IF1502,13:00:11,600,3401.6,238244,9,3401.2,7,3401.6
IF1502,13:00:12,100,3401.6,238257,4,3401.2,16,3401.8
IF1502,13:00:12,600,3401.6,238269,2,3401.8,9,3402
IF1502,13:00:13,100,3401.6,238281,14,3401.2,1,3401.4
IF1502,13:00:13,600,3401.6,238313,6,3401.6,1,3401.8
IF1502,13:00:14,100,3403.2,238358,2,3403.4,9,3403.6
IF1502,13:00:14,600,3403.2,238368,1,3403.2,5,3403.6
IF1502,13:00:15,100,3403.4,238377,3,3403.2,5,3403.4
IF1502,13:00:15,600,3403.6,238406,9,3403.6,4,3404
IF1502,13:00:16,100,3403.4,238423,6,3403,1,3403.2
IF1502,13:00:16,600,3403.2,238427,6,3403,6,3403.4
IF1502,13:00:17,100,3403.4,238452,13,3403.4,9,3403.6
IF1502,13:00:17,600,3403.8,238468,10,3403.4,11,3404
IF1502,13:00:18,100,3403.8,238476,8,3403.8,4,3404
IF1502,13:00:18,600,3404.2,238492,10,3404,8,3404.2
IF1502,13:00:19,100,3404,238509,2,3403.8,10,3404
IF1502,13:00:19,600,3404,238513,8,3403.8,14,3404.2
IF1502,13:00:20,100,3404.4,238537,1,3404.2,2,3404.4
IF1502,13:00:20,600,3404.6,238542,6,3404.2,8,3404.6
IF1502,13:00:21,100,3404.6,238559,10,3404.6,3,3404.8
IF1502,13:00:21,600,3404.6,238566,16,3404.6,12,3405
IF1502,13:00:22,100,3404.8,238578,10,3404.6,3,3404.8
IF1502,13:00:22,600,3404.8,238599,6,3404.4,7,3404.8
IF1502,13:00:23,100,3405,238612,5,3404.8,20,3405
IF1502,13:00:23,600,3405,238620,21,3404.8,10,3405
IF1502,13:00:24,100,3404.8,238640,26,3404.8,4,3405.2
IF1502,13:00:24,600,3405,238661,6,3404.8,4,3405
IF1502,13:00:25,100,3405,238664,14,3404.8,18,3405.2
IF1502,13:00:25,600,3405,238674,3,3405,13,3405.2
IF1502,13:00:26,100,3404.8,238690,1,3404.8,8,3405
IF1502,13:00:26,600,3405,238748,3,3404.6,31,3405
IF1502,13:00:27,100,3404.6,238785,1,3404.2,33,3405.2
IF1502,13:00:27,600,3404.2,238840,1,3404.2,4,3404.4
IF1502,13:00:28,100,3404,238851,8,3403.8,3,3404
IF1502,13:00:28,600,3403.6,238880,8,3403.4,39,3404.2
IF1502,13:00:29,100,3403.2,238892,4,3403,5,3403.2
IF1502,13:00:29,600,3403,238908,2,3402.8,2,3403
IF1502,13:00:30,100,3403,238923,1,3403.2,2,3403.4
IF1502,13:00:30,600,3403.2,238932,3,3403.2,1,3403.4
IF1502,13:00:31,100,3403.6,238936,1,3403.4,6,3403.6
IF1502,13:00:31,600,3403.6,238939,3,3403.4,3,3403.6
IF1502,13:00:32,100,3403,238954,1,3402.6,2,3403
IF1502,13:00:32,600,3403.2,238957,4,3403,2,3403.2
IF1502,13:00:33,100,3402.8,238964,3,3402.8,6,3403.4
IF1502,13:00:33,600,3403,238973,4,3402.8,2,3403
IF1502,13:00:34,100,3402.8,238986,12,3402.6,7,3403.4
IF1502,13:00:34,600,3402.8,238991,12,3402.6,8,3402.8
IF1502,13:00:35,100,3402.6,238996,4,3402.6,4,3402.8
IF1502,13:00:35,600,3402.6,239002,8,3402.4,3,3402.6
IF1502,13:00:36,100,3402.4,239007,5,3402.4,4,3402.6
IF1502,13:00:36,600,3402.8,239018,10,3402.8,2,3403
IF1502,13:00:37,100,3402.8,239022,6,3402.6,4,3402.8
IF1502,13:00:37,600,3403,239032,4,3402.8,3,3403
IF1502,13:00:38,100,3402.8,239043,4,3402.8,22,3403.2
IF1502,13:00:38,600,3402.6,239057,4,3402.6,1,3403
IF1502,13:00:39,100,3402.4,239069,2,3402.4,34,3402.6
IF1502,13:00:39,600,3402.2,239101,3,3401.8,3,3402.6
IF1502,13:00:40,100,3402.6,239115,34,3402.2,2,3402.6
IF1502,13:00:40,600,3403.2,239127,10,3403,12,3403.2
IF1502,13:00:41,100,3403.2,239142,4,3403.2,7,3403.4
IF1502,13:00:41,600,3404.2,239160,1,3404.2,14,3404.4
IF1502,13:00:42,100,3404.2,239185,23,3404,5,3404.4
IF1502,13:00:42,600,3404.6,239208,1,3404.2,15,3405
IF1502,13:00:43,100,3404.4,239210,8,3404,6,3404.4
IF1502,13:00:43,600,3404.2,239211,5,3404.2,6,3404.4
IF1502,13:00:44,100,3404.2,239217,10,3404,4,3404.2
IF1502,13:00:44,600,3404.2,239219,10,3404,11,3404.2
IF1502,13:00:45,100,3404.2,239222,5,3404,14,3404.2
IF1502,13:00:45,600,3404.2,239232,11,3404,4,3404.2
IF1502,13:00:46,100,3404.4,239240,3,3404.2,7,3404.4
IF1502,13:00:46,600,3404.4,239250,2,3404.2,1,3404.4
IF1502,13:00:47,100,3405,239263,4,3404.6,17,3405
IF1502,13:00:47,600,3405,239263,3,3404.6,4,3404.8
IF1502,13:00:48,100,3405,239277,6,3404.8,9,3405
IF1502,13:00:48,600,3405,239287,4,3404.8,2,3405
IF1502,13:00:49,100,3405,239299,9,3404.6,4,3404.8
IF1502,13:00:49,600,3405,239310,5,3404.6,2,3405
IF1502,13:00:50,100,3405.4,239331,4,3405.2,4,3405.4
IF1502,13:00:50,600,3405.2,239333,3,3405.2,4,3405.4
IF1502,13:00:51,100,3405.4,239337,1,3405.2,10,3405.4
IF1502,13:00:51,600,3405.4,239339,3,3405.2,7,3405.4
IF1502,13:00:52,100,3405.4,239347,1,3405.4,10,3405.6
IF1502,13:00:52,600,3406,239363,2,3405.6,50,3406
IF1502,13:00:53,100,3405.6,239386,18,3405.6,3,3405.8
IF1502,13:00:53,600,3405.6,239405,1,3405.4,1,3405.6
IF1502,13:00:54,100,3405.2,239407,4,3405.2,6,3405.6
IF1502,13:00:54,600,3405.6,239409,4,3405.2,7,3405.6
IF1502,13:00:55,100,3405.8,239434,2,3405.6,9,3406
IF1502,13:00:55,600,3405.4,239460,11,3405.4,61,3406
IF1502,13:00:56,100,3405,239477,9,3405,7,3405.2
IF1502,13:00:56,600,3405.2,239484,4,3405.2,12,3405.4
IF1502,13:00:57,100,3405.4,239488,3,3405.2,6,3405.4
IF1502,13:00:57,600,3405.2,239495,2,3405.2,5,3405.4
IF1502,13:00:58,100,3405.2,239499,10,3405,6,3405.2
IF1502,13:00:58,600,3405,239510,4,3405,8,3405.2
IF1502,13:00:59,100,3405.2,239539,2,3405.2,2,3405.4
IF1502,13:00:59,600,3404.6,239556,4,3404.6,7,3405
IF1502,13:01:00,100,3404.4,239568,5,3404.4,5,3404.6
IF1502,13:01:00,600,3404.8,239589,5,3404.4,1,3404.8
IF1502,13:01:01,100,3404.2,239601,42,3404.2,14,3404.6
IF1502,13:01:01,600,3404.6,239608,10,3404.4,13,3404.6
IF1502,13:01:02,100,3404.6,239616,12,3404.4,1,3404.6
IF1502,13:01:02,600,3404.8,239622,11,3404.8,3,3405
IF1502,13:01:03,100,3405.4,239643,13,3404.8,1,3405.2
IF1502,13:01:03,600,3405,239656,14,3404.8,1,3405.4
IF1502,13:01:04,100,3404.8,239669,2,3404.8,6,3405
IF1502,13:01:04,600,3405,239670,3,3404.8,1,3405
IF1502,13:01:05,100,3404.8,239673,67,3404.6,3,3404.8
IF1502,13:01:05,600,3404.6,239685,61,3404.6,10,3404.8
IF1502,13:01:06,100,3404.4,239762,30,3404.2,3,3404.4
IF1502,13:01:06,600,3404.2,239776,21,3404.2,2,3404.4
IF1502,13:01:07,100,3404.2,239796,1,3404.2,2,3404.4
IF1502,13:01:07,600,3403.8,239812,2,3403.8,1,3404
IF1502,13:01:08,100,3403.6,239825,12,3403.4,1,3403.8
IF1502,13:01:08,600,3403.4,239828,4,3403.4,4,3403.8
IF1502,13:01:09,100,3403.8,239832,1,3403.4,3,3403.8
IF1502,13:01:09,600,3403.8,239837,4,3403.4,2,3403.6
IF1502,13:01:51,600,3402.8,240715,6,3402.8,63,3403
IF1502,13:01:52,100,3402.6,240732,42,3402.6,4,3402.8
IF1502,13:01:52,600,3402.6,240750,26,3402.6,3,3402.8
IF1502,13:01:53,100,3402.6,240767,10,3402.6,7,3403
IF1502,13:01:53,600,3402.8,240775,9,3402.6,1,3402.8
IF1502,13:01:54,100,3403,240780,10,3402.8,3,3403
IF1502,13:01:54,600,3403,240784,9,3402.8,1,3403
IF1502,13:01:55,100,3403.2,240796,5,3402.8,11,3403.2
IF1502,13:01:55,600,3403.2,240798,8,3403,6,3403.2
IF1502,13:01:56,100,3403,240799,13,3403,8,3403.2
IF1502,13:01:56,600,3403.2,240802,6,3403,8,3403.2
IF1502,13:01:57,100,3403,240808,1,3403,12,3403.2
IF1502,13:01:57,600,3403.2,240810,10,3402.8,2,3403
IF1502,13:01:58,100,3403.2,240849,5,3403.2,14,3403.4
IF1502,13:01:58,600,3402.8,240858,3,3402.8,4,3403
IF1502,13:01:59,100,3402.2,240893,5,3402.2,60,3402.8
IF1502,13:01:59,600,3402,240909,6,3401.8,2,3402
IF1502,13:02:00,100,3402,240913,8,3401.8,3,3402.2
IF1502,13:02:00,600,3401.8,240916,7,3401.8,2,3402
IF1502,13:02:01,100,3401.8,240925,9,3401.6,2,3401.8
IF1502,13:02:01,600,3401.8,240928,6,3401.8,15,3402
IF1502,13:02:02,100,3401.8,240934,1,3401.8,12,3402
IF1502,13:02:02,600,3402,240940,1,3401.8,9,3402
IF1502,13:02:03,100,3401.6,240949,6,3401.6,2,3401.8
IF1502,13:02:03,600,3401.6,240962,1,3401.6,3,3401.8
IF1502,13:02:04,100,3401.8,240966,10,3401.8,10,3402
IF1502,13:02:04,600,3401.8,240975,1,3401.8,14,3402
IF1502,13:02:05,100,3401.6,240983,28,3401.6,12,3401.8
IF1502,13:02:05,600,3401.8,240999,5,3401.8,4,3402
IF1502,13:02:06,100,3402,241010,1,3402,13,3402.2
IF1502,13:02:06,600,3402,241027,1,3402,9,3402.2
IF1502,13:02:07,100,3402.6,241044,4,3402.4,6,3402.6
IF1502,13:02:07,600,3402.8,241063,10,3402.6,1,3402.8
IF1502,13:02:08,100,3402.6,241068,10,3402.6,3,3403
IF1502,13:02:08,600,3403,241076,9,3403,4,3403.2
IF1502,13:02:09,100,3403.2,241091,2,3403,4,3403.2
IF1502,13:02:09,600,3403.2,241102,4,3403.2,3,3403.4
IF1502,13:02:10,100,3403,241120,2,3403,32,3403.4
IF1502,13:02:10,600,3402.4,241149,7,3402.4,6,3402.6
IF1502,13:02:11,100,3402.2,241161,12,3402.2,1,3402.4
IF1502,13:02:11,600,3402.2,241168,7,3402.2,4,3402.4
IF1502,13:02:12,100,3402.4,241175,5,3402.2,2,3402.4
IF1502,13:02:12,600,3402.4,241179,4,3402.4,14,3402.6
IF1502,13:02:13,100,3402.6,241193,1,3402.6,12,3402.8
IF1502,13:02:13,600,3402.4,241202,5,3402.4,2,3402.6
IF1502,13:02:14,100,3402.4,241209,3,3402.4,10,3402.6
IF1502,13:02:14,600,3402.4,241209,1,3402.4,7,3402.6
IF1502,13:02:15,100,3402.4,241209,4,3402.4,7,3402.6
IF1502,13:02:15,600,3402.6,241223,3,3402.6,4,3403
IF1502,13:02:16,100,3403.4,241237,3,3403.2,2,3403.4
IF1502,13:02:16,600,3403.8,241260,3,3403.6,16,3403.8
IF1502,13:02:17,100,3403.6,241273,1,3403.2,8,3403.4
IF1502,13:02:17,600,3403.6,241284,5,3403,2,3403.4
IF1502,13:02:18,100,3403.6,241290,4,3403,11,3403.6
IF1502,13:02:18,600,3403,241302,6,3402.8,4,3403.2
IF1502,13:02:19,100,3403.2,241303,13,3403,4,3403.2
IF1502,13:02:19,600,3403,241306,13,3403,3,3403.2
IF1502,13:02:20,100,3403,241309,12,3403,9,3403.2
IF1502,13:02:20,600,3403.4,241324,42,3403.2,7,3403.4
IF1502,13:02:21,100,3403,241350,7,3403,6,3403.6
IF1502,13:02:21,600,3403,241356,8,3403,1,3403.4
IF1502,13:02:22,100,3403.8,241364,8,3403.4,10,3403.8
IF1502,13:02:22,600,3404,241373,4,3403.6,6,3404
IF1502,13:02:23,100,3404,241388,1,3404,13,3404.2
IF1502,13:02:23,600,3403.8,241392,7,3403.8,11,3404.2
IF1502,13:02:24,100,3404.2,241395,2,3404,7,3404.2
IF1502,13:02:24,600,3404.2,241399,10,3404,3,3404.2
IF1502,13:02:25,100,3404.2,241403,7,3404.2,7,3404.4
IF1502,13:02:25,600,3404.4,241405,16,3404.2,10,3404.4
IF1502,13:02:26,100,3404.2,241414,10,3404.2,6,3404.4
IF1502,13:02:26,600,3404.4,241422,2,3404.2,6,3404.4
IF1502,13:02:27,100,3404.2,241433,5,3404.2,6,3404.6
IF1502,13:02:27,600,3404,241438,10,3404,4,3404.4
IF1502,13:02:28,100,3404.2,241439,8,3404,7,3404.2
IF1502,13:02:28,600,3404.4,241452,16,3404,3,3404.4
IF1502,13:02:29,100,3404.2,241458,6,3404.2,5,3404.6
IF1502,13:02:29,600,3404.4,241461,6,3404.2,5,3404.4
IF1502,13:02:30,100,3404.2,241468,25,3404,5,3404.4
IF1502,13:02:30,600,3404.4,241469,21,3404,4,3404.4
IF1502,13:02:31,100,3403.8,241485,5,3403.8,1,3404
IF1502,13:02:31,600,3403.4,241506,5,3403.4,6,3403.6
IF1502,13:02:32,100,3403.6,241515,4,3403.8,6,3404
IF1502,13:02:32,600,3403.6,241515,6,3403.8,5,3404
IF1502,13:02:33,100,3403.8,241517,3,3403.8,7,3404
IF1502,13:02:33,600,3403.8,241524,11,3403.6,6,3404
IF1502,13:02:34,100,3403.8,241533,8,3403.4,7,3403.8
IF1502,13:02:34,600,3403.8,241541,6,3403.6,3,3403.8
IF1502,13:02:35,100,3403.6,241547,10,3403.6,3,3403.8
IF1502,13:02:35,600,3403.8,241567,11,3403.2,8,3404
IF1502,13:02:36,100,3403.4,241575,6,3403.4,2,3403.8
IF1502,13:02:36,600,3403.6,241580,9,3403.4,1,3403.6
IF1502,13:02:37,100,3403.8,241600,1,3403.8,2,3404
IF1502,13:02:37,600,3403.6,241605,1,3403.8,9,3404
IF1502,13:02:38,100,3403.6,241618,21,3403.2,2,3403.6
IF1502,13:02:38,600,3404,241623,4,3403.8,9,3404
IF1502,13:02:39,100,3403.8,241625,16,3403.8,5,3404
IF1502,13:02:39,600,3404,241630,2,3404,7,3404.2
IF1502,13:02:40,100,3404.2,241639,7,3404.2,6,3404.4
IF1502,13:02:40,600,3404.4,241660,4,3404.4,8,3404.6
IF1502,13:02:41,100,3404.4,241661,3,3404.4,8,3404.6
IF1502,13:02:41,600,3404.4,241674,3,3404,4,3404.4
IF1502,13:02:42,100,3404.4,241675,4,3404.2,12,3404.6
IF1502,13:02:42,600,3404.6,241678,5,3404.2,1,3404.4
IF1502,13:02:43,100,3404.6,241688,16,3404.2,2,3404.6
IF1502,13:02:43,600,3404.4,241692,6,3404.4,7,3404.6
IF1502,13:02:44,100,3404.4,241703,8,3404.2,7,3404.6
IF1502,13:02:44,600,3404.6,241706,6,3404.2,5,3404.6
IF1502,13:02:45,100,3404.6,241718,3,3404.6,9,3404.8
IF1502,13:02:45,600,3404.8,241722,3,3404.6,3,3404.8
IF1502,13:02:46,100,3405.2,241745,1,3405.2,9,3405.4
IF1502,13:02:46,600,3405.2,241758,1,3405,3,3405.4
IF1502,13:02:47,100,3404.8,241763,7,3404.8,9,3405.2
IF1502,13:02:47,600,3404.8,241775,7,3404.6,1,3404.8
IF1502,13:02:48,100,3404.8,241777,16,3404.6,12,3405
IF1502,13:02:48,600,3404.8,241786,16,3404.6,4,3404.8
IF1502,13:02:49,100,3404.6,241792,1,3404.6,4,3404.8
IF1502,13:02:49,600,3404.6,241798,2,3404.6,3,3404.8
IF1502,13:02:50,100,3405,241808,1,3404.8,13,3405
IF1502,13:02:50,600,3404.8,241809,17,3404.6,9,3405
IF1502,13:02:51,100,3404.8,241810,15,3404.6,7,3405
IF1502,13:02:51,600,3405,241818,1,3405,7,3405.2
IF1502,13:02:52,100,3405.2,241825,13,3405,10,3405.4
IF1502,13:02:52,600,3405,241827,13,3405,6,3405.4
IF1502,13:02:53,100,3405.2,241834,3,3405,9,3405.2
IF1502,13:02:53,600,3405.2,241834,5,3405,4,3405.2
IF1502,13:02:54,100,3405.4,241841,5,3405,9,3405.4
IF1502,13:02:54,600,3405,241855,3,3405,7,3405.4
IF1502,13:02:55,100,3404.8,241866,12,3404.6,8,3405
IF1502,13:02:55,600,3404.6,241878,1,3404.6,7,3404.8
IF1502,13:02:56,100,3404.6,241893,3,3404.4,16,3404.6
IF1502,13:02:56,600,3404.4,241898,14,3404.2,2,3404.4
IF1502,13:02:57,100,3404.2,241903,5,3404.2,2,3404.4
IF1502,13:02:57,600,3404.2,241910,10,3404,9,3404.4
IF1502,13:02:58,100,3403.8,241926,1,3403.8,4,3404
IF1502,13:02:58,600,3403.6,241942,4,3403.6,8,3404
IF1502,13:02:59,100,3403.6,241956,1,3403.6,5,3403.8
IF1502,13:02:59,600,3403.6,241965,12,3403.2,2,3403.4
IF1502,13:03:00,100,3403.6,241971,4,3403.4,8,3403.6
IF1502,13:03:00,600,3403.4,241975,3,3403.4,5,3403.6
IF1502,13:03:01,100,3403.8,241999,8,3403.4,6,3403.8
IF1502,13:03:01,600,3403.8,241999,4,3403.6,6,3403.8
IF1502,13:03:02,100,3403.6,242014,20,3403.4,4,3403.6
IF1502,13:03:02,600,3403.4,242017,6,3403.4,6,3403.6
IF1502,13:03:03,100,3403.4,242033,1,3403.4,7,3403.6
IF1502,13:03:03,600,3403.2,242037,12,3403.2,2,3403.4
IF1502,13:03:04,100,3403.4,242038,10,3403.2,5,3403.4
IF1502,13:03:04,600,3403.4,242039,24,3403.2,4,3403.4
IF1502,13:03:05,100,3403.8,242051,9,3403.4,5,3403.8
IF1502,13:03:05,600,3403.8,242051,6,3403.6,5,3403.8
IF1502,13:03:06,100,3404,242062,22,3403.8,12,3404.2
IF1502,13:03:06,600,3404.6,242082,1,3404.4,19,3404.6
IF1502,13:03:07,100,3404.6,242083,7,3404.2,18,3404.6
IF1502,13:03:07,600,3404.8,242111,5,3404.6,3,3405
IF1502,13:03:08,100,3405,242113,1,3404.8,9,3405
IF1502,13:03:08,600,3404.8,242123,7,3404.8,1,3405
IF1502,13:03:09,100,3404.8,242127,1,3404.8,3,3405
IF1502,13:03:09,600,3404.8,242130,10,3404.6,3,3404.8
IF1502,13:03:10,100,3404.6,242133,7,3404.6,3,3404.8
IF1502,13:03:10,600,3404.6,242139,8,3404.6,2,3404.8
IF1502,13:03:11,100,3404.8,242148,4,3404.6,2,3404.8
IF1502,13:03:11,600,3404.8,242151,10,3404.6,7,3405
IF1502,13:03:12,100,3404.8,242155,4,3404.8,5,3405
IF1502,13:03:12,600,3405,242162,11,3404.8,2,3405
IF1502,13:03:13,100,3404.8,242166,8,3404.8,12,3405.2
IF1502,13:03:13,600,3404.8,242186,7,3404.8,6,3405.2
IF1502,13:03:14,100,3405,242193,1,3405,8,3405.2
IF1502,13:03:14,600,3404.8,242208,5,3404.6,8,3405
IF1502,13:03:15,100,3404.6,242211,8,3404.6,2,3404.8
IF1502,13:03:15,600,3404.2,242232,7,3404,2,3404.2
IF1502,13:03:16,100,3404,242325,1,3404,2,3404.2
IF1502,13:03:16,600,3404.2,242329,6,3404.2,2,3404.4
IF1502,13:03:17,100,3404,242339,4,3404,4,3404.2
IF1502,13:03:17,600,3403.8,242351,11,3403.6,1,3403.8
IF1502,13:03:18,100,3403.6,242377,1,3403.4,8,3403.8
IF1502,13:03:18,600,3403.6,242381,15,3403.4,7,3403.8
IF1502,13:03:19,100,3403.4,242382,14,3403.4,4,3403.6
IF1502,13:03:19,600,3403.6,242384,4,3403.4,5,3403.6
IF1502,13:03:20,100,3403.4,242389,19,3403.2,6,3403.6
IF1502,13:03:20,600,3403.4,242394,2,3403.4,5,3403.6
IF1502,13:03:21,100,3403.8,242402,4,3403.6,4,3403.8
IF1502,13:03:21,600,3403.8,242409,4,3403.6,2,3403.8
IF1502,13:03:22,100,3403.4,242412,7,3403.6,1,3403.8
IF1502,13:03:22,600,3403.8,242413,5,3403.6,6,3404
IF1502,13:03:23,100,3404,242417,3,3403.8,8,3404
IF1502,13:03:23,600,3404,242419,3,3403.8,6,3404
IF1502,13:03:24,100,3404,242424,1,3403.8,6,3404
IF1502,13:03:24,600,3403.8,242427,4,3403.8,2,3404
IF1502,13:03:25,100,3404,242436,21,3403.6,1,3404
IF1502,13:03:25,600,3403.6,242448,7,3403.4,5,3403.6
IF1502,13:03:26,100,3403.4,242451,4,3403.4,3,3403.6
IF1502,13:03:26,600,3403.4,242456,20,3403.2,3,3403.4
IF1502,13:03:27,100,3403.4,242470,8,3403.2,3,3403.4
IF1502,13:03:27,600,3403.6,242483,4,3403.4,8,3403.8
IF1502,13:03:28,100,3403.6,242485,3,3403.4,8,3403.6
IF1502,13:03:28,600,3403.2,242490,9,3403.2,3,3403.4
IF1502,13:03:29,100,3402.8,242535,2,3402.8,2,3403
IF1502,13:03:29,600,3402.6,242550,6,3402.6,7,3403
IF1502,13:03:30,100,3402.4,242560,3,3402.4,5,3402.6
IF1502,13:03:30,600,3402.8,242581,6,3402.2,1,3402.4
IF1502,13:03:31,100,3402.8,242586,5,3402.6,10,3403
IF1502,13:03:31,600,3402.6,242591,5,3402.6,7,3402.8
IF1502,13:03:32,100,3403.4,242617,39,3402.8,4,3403.4
IF1502,13:03:32,600,3403.8,242628,8,3403.6,4,3403.8
IF1502,13:03:33,100,3403.6,242635,3,3403.6,4,3403.8
IF1502,13:03:33,600,3403.6,242638,1,3403.6,3,3403.8
IF1502,13:03:34,100,3403.8,242644,20,3403.4,4,3403.8
IF1502,13:03:34,600,3403.6,242647,20,3403.4,5,3403.6
IF1502,13:03:35,100,3403.2,242679,5,3403.2,4,3403.4
IF1502,13:03:35,600,3403,242689,6,3402.8,6,3403.2
IF1502,13:03:36,100,3402.8,242697,1,3402.8,2,3403
IF1502,13:03:36,600,3402.8,242701,17,3402.6,2,3402.8
IF1502,13:03:37,100,3402.8,242706,10,3402.6,3,3402.8
IF1502,13:03:37,600,3402.6,242719,1,3402.8,3,3403
IF1502,13:03:38,100,3403,242721,9,3402.8,7,3403
IF1502,13:03:38,600,3403,242725,10,3402.8,4,3403
IF1502,13:03:39,100,3402.8,242732,7,3402.8,7,3403.2
IF1502,13:03:39,600,3403.4,242757,51,3402.8,10,3403.6
IF1502,13:03:40,100,3403.4,242768,8,3403.4,66,3403.8
IF1502,13:03:40,600,3402.8,242777,2,3402.8,1,3403
IF1502,13:03:41,100,3403,242779,11,3402.8,2,3403
IF1502,13:03:41,600,3403.2,242783,15,3402.8,5,3403.2
IF1502,13:03:42,100,3403.2,242791,3,3403.2,10,3403.4
IF1502,13:03:42,600,3403.4,242802,2,3403,4,3403.2
IF1502,13:03:43,100,3403,242805,5,3403,6,3403.2
IF1502,13:03:43,600,3402.6,242820,12,3402.6,1,3403
IF1502,13:03:44,100,3403,242825,9,3402.6,5,3403
IF1502,13:03:44,600,3402.8,242834,5,3402.8,3,3403
IF1502,13:03:45,100,3402.8,242837,2,3402.8,3,3403
IF1502,13:03:45,600,3402.8,242849,1,3402.8,2,3403
IF1502,13:03:46,100,3402.8,242850,9,3402.6,5,3402.8
IF1502,13:03:46,600,3402.4,242862,5,3402.4,56,3402.8
IF1502,13:03:47,100,3402.2,242879,7,3402,1,3402.6
IF1502,13:03:47,600,3401.6,242901,30,3401.6,2,3402
IF1502,13:03:48,100,3401.6,242930,4,3401.4,1,3401.6
IF1502,13:03:48,600,3401.6,242955,15,3401.4,2,3401.6
IF1502,13:03:49,100,3401.6,242958,13,3401.4,6,3401.8
IF1502,13:03:49,600,3401.4,242973,3,3401.4,10,3401.6
IF1502,13:03:50,100,3401.6,242995,9,3401,4,3401.4
IF1502,13:03:50,600,3401,243004,1,3401,4,3401.2
IF1502,13:03:51,100,3401,243017,9,3400.8,2,3401.4
IF1502,13:03:51,600,3400.6,243050,5,3400.6,2,3401
IF1502,13:03:52,100,3400.4,243061,4,3400.4,2,3400.6
IF1502,13:03:52,600,3400,243085,22,3400,9,3400.6
IF1502,13:03:53,100,3399.8,243101,9,3399.8,8,3400.2
IF1502,13:03:53,600,3400.2,243121,8,3399.8,4,3400.2
IF1502,13:03:54,100,3400.2,243134,1,3400.2,4,3400.4
IF1502,13:03:54,600,3400.4,243141,21,3400.2,8,3400.6
IF1502,13:03:55,100,3401.2,243180,10,3400.8,3,3401.2
IF1502,13:03:55,600,3401.8,243194,2,3401.8,6,3402
IF1502,13:03:56,100,3401.8,243208,7,3401.6,4,3402.2
IF1502,13:03:56,600,3401.6,243212,2,3401.6,41,3401.8
IF1502,13:03:57,100,3401.2,243231,3,3401.2,3,3401.8
IF1502,13:03:57,600,3401.4,243244,3,3401.2,2,3401.4
IF1502,13:03:58,100,3401.4,243250,5,3401,3,3401.4
IF1502,13:03:58,600,3401.8,243266,5,3401.2,3,3401.8
IF1502,13:03:59,100,3402.2,243275,2,3402,3,3402.2
IF1502,13:03:59,600,3402.4,243291,13,3402.2,3,3402.4
IF1502,13:04:00,100,3402.4,243301,9,3402.2,12,3402.6
IF1502,13:04:00,600,3402.4,243322,9,3402.2,4,3402.4
IF1502,13:04:01,100,3402.6,243332,7,3402.6,6,3402.8
IF1502,13:04:01,600,3402.8,243344,17,3402.4,6,3402.8
IF1502,13:04:02,100,3402.8,243344,15,3402.4,2,3402.8
IF1502,13:04:02,600,3402.6,243353,3,3402.6,6,3403
IF1502,13:04:03,100,3402.8,243364,3,3402.8,6,3403.2
IF1502,13:04:03,600,3402.6,243371,7,3402.6,7,3402.8
IF1502,13:04:04,100,3403,243383,4,3402.6,4,3403.2
IF1502,13:04:04,600,3402.6,243392,7,3402.6,2,3403
IF1502,13:04:05,100,3403.2,243402,6,3402.8,2,3403.2
IF1502,13:04:05,600,3403,243412,4,3402.8,7,3403
IF1502,13:04:06,100,3402.6,243417,4,3402.6,7,3403
IF1502,13:04:06,600,3402.6,243421,16,3402.4,6,3402.6
IF1502,13:04:07,100,3402.6,243469,6,3402.2,4,3402.8
IF1502,13:04:07,600,3402.2,243477,4,3402.2,3,3402.4
IF1502,13:04:08,100,3402.6,243490,6,3402.2,8,3402.6
IF1502,13:04:08,600,3402.8,243505,4,3402.6,9,3403
IF1502,13:04:09,100,3402.4,243516,2,3402.4,5,3403
IF1502,13:04:09,600,3402.4,243532,5,3402.2,48,3403.2
IF1502,13:04:10,100,3403,243543,7,3402.4,2,3402.8
IF1502,13:04:10,600,3403,243555,2,3402.6,2,3402.8
IF1502,13:04:11,100,3402.6,243556,1,3402.6,4,3402.8
IF1502,13:04:11,600,3402.6,243568,1,3402.6,2,3402.8
IF1502,13:04:12,100,3402.4,243577,9,3402.2,2,3402.6
IF1502,13:04:12,600,3401.8,243592,6,3401.8,2,3402
IF1502,13:04:13,100,3401,243629,5,3401,1,3401.8
IF1502,13:04:13,600,3401.6,243646,4,3401.6,1,3401.8
IF1502,13:04:14,100,3401.8,243653,1,3401.4,2,3401.8
IF1502,13:04:14,600,3401.8,243657,10,3401.8,1,3402
IF1502,13:04:15,100,3402.4,243670,6,3402,2,3402.4
IF1502,13:04:15,600,3401.6,243705,4,3401.6,57,3402.2
IF1502,13:04:16,100,3401.2,243722,9,3401,1,3401.2
IF1502,13:04:16,600,3401,243725,7,3401,2,3401.2
IF1502,13:04:17,100,3400.8,243736,9,3400.8,6,3401
IF1502,13:04:17,600,3401,243738,9,3400.8,5,3401
IF1502,13:04:18,100,3400.8,243740,10,3400.8,7,3401
IF1502,13:04:18,600,3401.2,243747,7,3401,10,3401.2
IF1502,13:04:19,100,3401.8,243768,2,3401.6,1,3402
IF1502,13:04:19,600,3402.2,243774,4,3401.6,1,3402.2
IF1502,13:04:20,100,3402.6,243785,7,3402.2,5,3402.6
IF1502,13:04:20,600,3402.4,243794,10,3402.2,11,3402.8
IF1502,13:04:21,100,3402.4,243800,7,3402.2,1,3402.4
IF1502,13:04:21,600,3402.4,243809,2,3402.4,3,3402.6
IF1502,13:04:22,100,3402.4,243811,2,3402.4,9,3402.6
IF1502,13:04:22,600,3402.2,243825,13,3402,8,3402.2
IF1502,13:04:23,100,3402.8,243838,4,3402.4,5,3402.8
IF1502,13:04:23,600,3402.8,243858,38,3402.6,4,3403.2
IF1502,13:04:24,100,3403.6,243866,5,3403.2,2,3403.6
IF1502,13:04:24,600,3403.8,243879,4,3403.8,10,3404
IF1502,13:04:25,100,3403.8,243885,4,3403.8,4,3404
IF1502,13:04:25,600,3403.8,243910,4,3403.6,1,3404.2
IF1502,13:04:26,100,3403.6,243911,5,3403.6,2,3403.8
IF1502,13:04:26,600,3403.4,243922,3,3403.4,4,3403.8
IF1502,13:04:27,100,3403,243952,1,3403,34,3403.6
IF1502,13:04:27,600,3402.6,243976,6,3402.4,3,3402.6
IF1502,13:04:28,100,3402.8,243986,7,3402.4,4,3402.6
IF1502,13:04:28,600,3402.6,243990,6,3402.4,2,3402.6
IF1502,13:04:29,100,3402.6,244000,12,3402.2,4,3402.4
IF1502,13:04:29,600,3402.2,244013,7,3402.2,8,3402.6
IF1502,13:04:30,100,3402.2,244021,8,3402,3,3402.2
IF1502,13:04:30,600,3402.2,244025,7,3402,7,3402.2
IF1502,13:04:31,100,3402,244027,5,3402,9,3402.2
IF1502,13:04:31,600,3402,244034,6,3402,3,3402.2
IF1502,13:04:32,100,3402,244039,12,3401.8,2,3402.2
IF1502,13:04:32,600,3402.2,244041,6,3402,1,3402.2
IF1502,13:04:33,100,3402.4,244051,4,3402.2,5,3402.4
IF1502,13:04:33,600,3402.4,244055,1,3402.2,6,3402.4
IF1502,13:04:34,100,3402.2,244056,8,3402,6,3402.2
IF1502,13:04:34,600,3402,244067,3,3402,3,3402.2
IF1502,13:04:35,100,3401.8,244073,6,3402,5,3402.2
IF1502,13:04:35,600,3401.8,244073,4,3402,3,3402.2
IF1502,13:04:36,100,3402.6,244091,4,3402.4,6,3402.8
IF1502,13:04:36,600,3402.4,244107,7,3402.4,2,3402.8
IF1502,13:04:37,100,3402.6,244114,4,3402.4,4,3402.8
IF1502,13:04:37,600,3402,244135,2,3402,1,3402.2
IF1502,13:04:38,100,3401.6,244164,3,3401.6,4,3401.8
IF1502,13:04:38,600,3402,244178,3,3402.2,41,3402.4
IF1502,13:04:39,100,3401.8,244182,4,3401.6,2,3402
IF1502,13:04:39,600,3402.4,244219,2,3402.2,6,3402.4
IF1502,13:04:40,100,3402.2,244226,1,3402.2,7,3402.4
IF1502,13:04:40,600,3401.8,244239,5,3401.6,1,3401.8
IF1502,13:04:41,100,3401.2,244253,1,3401.4,4,3401.8
IF1502,13:04:41,600,3402,244270,4,3402,4,3402.4
IF1502,13:04:42,100,3402,244281,8,3402,2,3402.2
IF1502,13:04:42,600,3402.2,244292,9,3402,6,3402.4
IF1502,13:04:43,100,3402.2,244294,6,3402.2,7,3402.4
IF1502,13:04:43,600,3402.2,244299,14,3402,3,3402.2
IF1502,13:04:44,100,3402.4,244307,4,3402.2,5,3402.4
IF1502,13:04:44,600,3402,244333,6,3401.8,19,3402
IF1502,13:04:45,100,3402,244352,2,3402.2,1,3402.4
IF1502,13:04:45,600,3402.6,244362,8,3402.4,7,3402.8
IF1502,13:04:46,100,3402.8,244374,5,3402.6,2,3402.8
IF1502,13:04:46,600,3402.4,244389,5,3402.4,6,3402.6
IF1502,13:04:47,100,3402.6,244391,4,3402.4,9,3402.6
IF1502,13:04:47,600,3402.6,244394,4,3402.4,3,3402.6
IF1502,13:04:48,100,3402.4,244397,3,3402.4,3,3402.6
IF1502,13:04:48,600,3402.8,244408,3,3402.8,11,3403
IF1502,13:04:49,100,3402.6,244421,1,3402.6,12,3403
IF1502,13:04:49,600,3402.4,244426,6,3402.2,4,3402.4
IF1502,13:04:50,100,3402.4,244429,6,3402.2,10,3402.4
IF1502,13:04:50,600,3402.2,244431,9,3402.2,13,3402.4
IF1502,13:04:51,100,3402.4,244444,1,3402.2,16,3402.4
IF1502,13:04:51,600,3402.4,244459,10,3402,5,3402.4
IF1502,13:04:52,100,3402.2,244460,4,3402.2,13,3402.4
IF1502,13:04:52,600,3402.4,244462,3,3402.2,8,3402.4
IF1502,13:04:53,100,3402.4,244473,1,3402.2,13,3402.6
IF1502,13:04:53,600,3402.6,244498,12,3402,1,3402.6
IF1502,13:04:54,100,3402,244510,4,3402.2,1,3402.4
IF1502,13:04:54,600,3402.6,244518,4,3402.2,4,3402.8
IF1502,13:04:55,100,3402.8,244522,11,3402.8,11,3403
IF1502,13:04:55,600,3403,244530,7,3402.8,13,3403
IF1502,13:04:56,100,3402.6,244542,2,3402.6,12,3403
IF1502,13:04:56,600,3403,244552,4,3402.8,6,3403
IF1502,13:04:57,100,3402.6,244569,11,3402.4,4,3402.8
IF1502,13:04:57,600,3402.4,244579,4,3402.4,2,3402.6
IF1502,13:04:58,100,3401.8,244598,9,3401.8,3,3402.4
IF1502,13:04:58,600,3401.6,244609,6,3401.4,1,3401.6
IF1502,13:04:59,100,3401.6,244615,2,3401.4,9,3401.6
IF1502,13:04:59,600,3401,244636,11,3400.8,6,3401.2
IF1502,13:05:00,100,3400.8,244644,5,3400.8,55,3401.2
IF1502,13:05:00,600,3400.6,244671,2,3400.6,1,3400.8
IF1502,13:05:01,100,3400.4,244683,1,3400.2,16,3400.6
IF1502,13:05:01,600,3400.6,244705,34,3400,4,3400.4
IF1502,13:05:02,100,3400,244706,4,3400.2,6,3400.4
IF1502,13:05:02,600,3400.2,244735,9,3400,2,3400.2
IF1502,13:05:03,100,3399.8,244763,3,3399.6,3,3399.8
IF1502,13:05:03,600,3399.2,244788,9,3399.2,32,3399.4
IF1502,13:05:04,100,3397.4,244841,1,3397,10,3398
IF1502,13:05:04,600,3396.6,244927,1,3396.2,13,3396.6
IF1502,13:05:05,100,3394,244969,6,3393.8,6,3394.2
IF1502,13:05:05,600,3393.6,245024,1,3394,23,3395
IF1502,13:05:06,100,3391.6,245047,57,3391.6,17,3392.6
IF1502,13:05:06,600,3392.2,245065,2,3391.2,33,3392.2
IF1502,13:05:07,100,3391.2,245086,1,3391,3,3391.4
IF1502,13:05:07,600,3390.6,245144,53,3390.6,5,3391.2
IF1502,13:05:08,100,3391.8,245190,8,3391.6,4,3391.8
IF1502,13:05:08,600,3392.2,245227,41,3392,1,3392.2
IF1502,13:05:09,100,3393.4,245265,24,3393,5,3393.4
IF1502,13:05:09,600,3393.8,245290,7,3393.4,5,3393.8
IF1502,13:05:10,100,3394.4,245324,4,3395,1,3395.2
IF1502,13:05:10,600,3393.8,245374,3,3394.6,4,3395
IF1502,13:05:11,100,3395,245385,23,3394.8,3,3395
IF1502,13:05:11,600,3395.2,245412,7,3395.2,8,3395.4
IF1502,13:05:12,100,3395.2,245499,3,3395.2,1,3396
IF1502,13:05:12,600,3396,245510,2,3396,1,3396.4
IF1502,13:05:13,100,3397,245536,9,3396.6,4,3397
IF1502,13:05:13,600,3397.4,245547,34,3396.8,4,3397.4
IF1502,13:05:14,100,3397,245559,4,3396.8,2,3397.2
IF1502,13:05:14,600,3397.2,245569,2,3397.2,3,3397.4
IF1502,13:05:15,100,3397.4,245581,43,3397.4,10,3397.6
IF1502,13:05:15,600,3397.4,245615,12,3397.4,9,3397.6
IF1502,13:05:16,100,3397.4,245619,10,3397.4,7,3397.6
IF1502,13:05:16,600,3399,245646,28,3398.8,5,3399
IF1502,13:05:17,100,3399.6,245659,4,3399.4,1,3399.8
IF1502,13:05:17,600,3400,245669,6,3399.8,5,3400
IF1502,13:05:18,100,3399.6,245679,2,3399.6,4,3400
IF1502,13:05:18,600,3400,245692,1,3400,8,3400.2
IF1502,13:05:19,100,3400.2,245709,37,3399.4,4,3400.2
IF1502,13:05:19,600,3400.4,245723,1,3400.2,6,3400.4
IF1502,13:05:20,100,3400.2,245731,8,3400,3,3400.4
IF1502,13:05:20,600,3400,245738,3,3400,1,3400.2
IF1502,13:05:21,100,3399.6,245753,2,3399.2,49,3400
IF1502,13:05:21,600,3398.6,245771,3,3398.4,2,3398.6
IF1502,13:05:22,100,3398.2,245778,1,3398.2,2,3398.6
IF1502,13:05:22,600,3398,245785,7,3397.8,62,3398.2
IF1502,13:05:23,100,3397.4,245809,4,3397.2,3,3397.6
IF1502,13:05:23,600,3397.8,245837,32,3397.6,2,3397.8
IF1502,13:05:24,100,3398.4,245860,4,3397.4,3,3397.8
IF1502,13:05:24,600,3397.8,245866,6,3397.6,3,3398
IF1502,13:05:25,100,3397.4,245880,12,3397.2,2,3397.4
IF1502,13:05:25,600,3397.6,245898,2,3397.4,1,3397.6
IF1502,13:05:26,100,3397.6,245906,1,3397.6,8,3398
IF1502,13:05:26,600,3397.4,245911,2,3397.4,4,3397.6
IF1502,13:05:27,100,3397.4,245926,4,3397.2,2,3397.4
IF1502,13:05:27,600,3397.2,245933,8,3397,6,3397.2
IF1502,13:05:28,100,3397.6,245958,2,3397.4,11,3397.6
IF1502,13:05:28,600,3397.4,245977,7,3397.4,3,3397.8
IF1502,13:05:29,100,3397.2,245986,4,3397.2,9,3397.8
IF1502,13:05:29,600,3397.2,245998,1,3397.2,5,3397.4
IF1502,13:05:30,100,3397.2,246008,3,3397.2,9,3397.4
IF1502,13:05:30,600,3397.6,246021,6,3397.4,6,3397.6
IF1502,13:05:31,100,3397.6,246027,5,3397.4,2,3397.6
IF1502,13:05:31,600,3398.2,246050,5,3398.2,3,3398.4
IF1502,13:05:32,100,3398.6,246057,21,3398.2,9,3398.6
IF1502,13:05:32,600,3398.6,246064,26,3398.2,2,3398.4
IF1502,13:05:33,100,3398.4,246070,4,3398.4,3,3398.6
IF1502,13:05:33,600,3398.6,246079,2,3398.6,7,3398.8
IF1502,13:05:34,100,3398.6,246080,6,3398.6,7,3398.8
IF1502,13:05:34,600,3398.6,246082,2,3398.6,7,3398.8
IF1502,13:05:35,100,3399,246096,1,3398.8,4,3399
IF1502,13:05:35,600,3399.4,246106,4,3399.2,8,3399.4
IF1502,13:05:36,100,3399.2,246119,3,3399.2,1,3399.4
IF1502,13:05:36,600,3399.8,246128,2,3399.6,5,3399.8
IF1502,13:05:37,100,3399.6,246142,4,3399.6,14,3400
IF1502,13:05:37,600,3399.8,246146,1,3399.8,13,3400
IF1502,13:05:38,100,3399.6,246150,2,3399.6,57,3399.8
IF1502,13:05:38,600,3399,246215,3,3398.8,2,3399.2
IF1502,13:05:39,100,3399,246259,1,3398.8,73,3400
IF1502,13:05:39,600,3399.2,246266,6,3399,2,3399.2
IF1502,13:05:40,100,3399.2,246272,8,3399.2,7,3399.4
IF1502,13:05:40,600,3399.2,246272,4,3399.2,7,3399.4
IF1502,13:05:41,100,3399.6,246287,9,3399,4,3399.6
IF1502,13:05:41,600,3399.8,246302,2,3399.8,21,3400
IF1502,13:05:42,100,3400,246314,7,3399.8,10,3400
IF1502,13:05:42,600,3400,246320,12,3399.8,5,3400
IF1502,13:05:43,100,3400,246322,3,3399.8,4,3400
IF1502,13:05:43,600,3399.8,246327,7,3399.6,6,3400
IF1502,13:05:44,100,3399.2,246350,3,3399.2,1,3399.4
IF1502,13:05:44,600,3398.6,246363,3,3398.6,1,3398.8
IF1502,13:05:45,100,3398.6,246374,3,3398.4,3,3398.8
IF1502,13:05:45,600,3398.6,246399,7,3398.2,2,3398.6
IF1502,13:05:46,100,3398.4,246402,7,3398.4,7,3398.8
IF1502,13:05:46,600,3398.2,246431,6,3398,35,3398.4
IF1502,13:05:47,100,3397.4,246451,4,3397.4,37,3398
IF1502,13:05:47,600,3397.2,246467,17,3397,7,3397.4
IF1502,13:05:48,100,3397,246515,1,3397,58,3397.2
IF1502,13:05:48,600,3396.4,246544,6,3396.2,1,3396.4
IF1502,13:05:49,100,3397,246555,9,3396.8,1,3397
IF1502,13:05:49,600,3396,246621,36,3396,1,3397
IF1502,13:05:50,100,3396.6,246627,2,3396.4,3,3396.6
IF1502,13:05:50,600,3396.2,246639,4,3396.2,4,3396.4
IF1502,13:05:51,100,3396,246655,2,3396,36,3396.2
IF1502,13:05:51,600,3395.8,246676,3,3396,1,3396.2
IF1502,13:05:52,100,3395.2,246689,2,3395.2,4,3395.6
IF1502,13:05:52,600,3395.4,246694,8,3395.2,2,3395.4
IF1502,13:05:53,100,3395,246703,12,3395,1,3395.2
IF1502,13:05:53,600,3395.2,246718,2,3395.2,41,3395.4
IF1502,13:05:54,100,3394.4,246746,7,3394.2,41,3395.4
IF1502,13:05:54,600,3394,246752,7,3394,43,3394.2
IF1502,13:05:55,100,3394,246773,2,3393.8,3,3394.2
IF1502,13:05:55,600,3394,246777,9,3393.8,6,3394
IF1502,13:05:56,100,3394,246791,7,3393.8,2,3394.2
IF1502,13:05:56,600,3394,246798,2,3394,1,3394.2
IF1502,13:05:57,100,3393.8,246815,4,3393.6,1,3393.8
IF1502,13:05:57,600,3393.6,246819,4,3393.6,3,3393.8
IF1502,13:05:58,100,3393.4,246833,8,3393.2,2,3393.4
IF1502,13:05:58,600,3393.4,246884,2,3392.4,4,3392.8
IF1502,13:05:59,100,3392.8,246894,4,3392.4,5,3392.8
IF1502,13:05:59,600,3392,246909,5,3391.8,4,3392.2
IF1502,13:06:00,100,3392.4,246940,29,3391.8,3,3392.4
IF1502,13:06:00,600,3392.6,246954,3,3392.4,4,3392.8
IF1502,13:06:01,100,3392.6,246991,4,3392.6,6,3392.8
IF1502,13:06:01,600,3392.4,247021,4,3392.4,59,3392.8
IF1502,13:06:02,100,3391.8,247036,4,3391.6,54,3392.4
IF1502,13:06:02,600,3391,247062,1,3390.4,2,3390.8
IF1502,13:06:03,100,3390,247077,4,3390,4,3390.4
IF1502,13:06:03,600,3389,247110,2,3389,2,3389.4
IF1502,13:06:04,100,3389,247129,1,3389,6,3389.2
IF1502,13:06:04,600,3389,247154,10,3389,2,3389.6
IF1502,13:06:05,100,3390,247189,4,3390.2,4,3390.4
IF1502,13:06:05,600,3391,247219,2,3391,6,3391.4
IF1502,13:06:06,100,3392.2,247242,2,3391.6,3,3392.2
IF1502,13:06:06,600,3392.2,247258,10,3392.2,11,3392.4
IF1502,13:06:07,100,3392.4,247269,24,3392.2,1,3392.4
IF1502,13:06:07,600,3392.6,247281,21,3392.2,3,3392.6
IF1502,13:06:08,100,3392.6,247301,6,3392.6,2,3393
IF1502,13:06:08,600,3393.4,247314,8,3393,5,3393.4
IF1502,13:06:09,100,3393.6,247330,1,3393.2,1,3393.6
IF1502,13:06:09,600,3393.8,247339,3,3393.6,3,3393.8
IF1502,13:06:10,100,3393.6,247357,7,3393.4,7,3394
IF1502,13:06:10,600,3393.4,247361,9,3393.2,5,3393.6
IF1502,13:06:11,100,3392.8,247380,7,3392.8,8,3393.2
IF1502,13:06:11,600,3392.8,247395,1,3392.8,11,3393.2
IF1502,13:06:12,100,3393,247396,3,3392.8,5,3393
IF1502,13:06:12,600,3393.2,247416,1,3393,8,3393.2
IF1502,13:06:13,100,3392.6,247439,5,3392.6,36,3392.8
IF1502,13:06:13,600,3392.2,247456,14,3392.2,1,3392.6
IF1502,13:06:14,100,3392.4,247468,10,3392.2,11,3392.6
IF1502,13:06:14,600,3392.6,247485,2,3392.8,7,3393.2
IF1502,13:06:15,100,3392.8,247502,2,3392.6,1,3392.8
IF1502,13:06:15,600,3392.6,247508,1,3392.4,7,3392.6
IF1502,13:06:16,100,3392.4,247513,20,3392.2,3,3392.4
IF1502,13:06:16,600,3392.4,247530,10,3392.2,2,3392.4
IF1502,13:06:17,100,3392.4,247570,7,3392.4,8,3392.6
IF1502,13:06:17,600,3392.4,247592,5,3392.4,2,3392.8
IF1502,13:06:18,100,3392.4,247594,1,3392.2,6,3392.4
IF1502,13:06:18,600,3392.2,247612,4,3392,20,3392.2
IF1502,13:06:19,100,3392,247631,3,3392,4,3392.2
IF1502,13:06:19,600,3392.8,247647,8,3392.6,1,3392.8
IF1502,13:06:20,100,3392.8,247655,3,3392.8,8,3393
IF1502,13:06:20,600,3392.8,247661,7,3392.6,5,3392.8
IF1502,13:06:21,100,3392.6,247683,1,3392.6,12,3393.2
IF1502,13:06:21,600,3392.6,247690,5,3392.6,1,3392.8
IF1502,13:06:22,100,3393,247696,8,3392.8,3,3393
IF1502,13:06:22,600,3392.8,247698,3,3392.8,3,3393
IF1502,13:06:23,100,3392.6,247703,6,3392.6,2,3392.8
IF1502,13:06:23,600,3392.8,247707,7,3392.6,3,3392.8
IF1502,13:06:24,100,3391,247758,10,3390.8,58,3391.8
IF1502,13:06:24,600,3390.6,247771,1,3390.6,52,3391
IF1502,13:06:25,100,3389.8,247796,2,3389.8,2,3390.2
IF1502,13:06:25,600,3388.6,247828,1,3388.6,38,3389.2
IF1502,13:06:26,100,3388.2,247842,54,3388.2,4,3389.8
IF1502,13:06:26,600,3388.8,247860,1,3388.6,53,3389.2
IF1502,13:06:27,100,3388.2,247868,1,3388.2,7,3388.6
IF1502,13:06:27,600,3388,247881,6,3387.8,2,3388
IF1502,13:06:28,100,3387.6,247903,9,3387.4,1,3387.8
IF1502,13:06:28,600,3387,247932,5,3387,3,3387.2
IF1502,13:06:29,100,3386,247958,9,3385.6,1,3385.8
IF1502,13:06:29,600,3385.4,248012,31,3385.4,71,3385.8
IF1502,13:06:30,100,3385.6,248043,4,3385.4,4,3385.6
IF1502,13:06:30,600,3385.4,248060,5,3385.4,5,3385.6
IF1502,13:06:31,100,3385.2,248082,1,3385.2,7,3385.4
IF1502,13:06:31,600,3385.2,248095,7,3385.2,4,3385.4
IF1502,13:06:32,100,3385,248099,8,3385,2,3385.2
IF1502,13:06:32,600,3384.4,248122,5,3384.4,37,3384.6
IF1502,13:06:33,100,3382.8,248161,2,3382.6,1,3383.8
IF1502,13:06:33,600,3383.4,248194,30,3383,1,3383.4
IF1502,13:06:34,100,3384.4,248219,31,3383.8,2,3384.4
IF1502,13:06:34,600,3385,248268,2,3385,3,3385.2
IF1502,13:06:35,100,3384.8,248298,5,3384.8,6,3385
IF1502,13:06:35,600,3385.4,248316,2,3385.2,4,3385.6
IF1502,13:06:36,100,3385.6,248328,3,3385.4,53,3385.8
IF1502,13:06:36,600,3385.6,248385,4,3385.6,48,3385.8
IF1502,13:06:37,100,3385.8,248407,3,3385.6,39,3385.8
IF1502,13:06:37,600,3385.8,248433,6,3385.6,18,3385.8
IF1502,13:06:38,100,3385.8,248452,6,3385.6,1,3385.8
IF1502,13:06:38,600,3385.4,248472,3,3385.4,38,3385.8
IF1502,13:06:39,100,3384.6,248478,4,3384.6,1,3384.8
IF1502,13:06:39,600,3383.6,248507,2,3383.2,1,3383.4
IF1502,13:06:40,100,3382.4,248534,3,3382.4,4,3382.6
IF1502,13:06:40,600,3382.8,248570,5,3382.8,22,3383.2
IF1502,13:06:41,100,3382.2,248589,3,3382,3,3382.2
IF1502,13:06:41,600,3381.8,248611,4,3381.8,3,3382
IF1502,13:06:42,100,3381.6,248639,7,3381.4,49,3381.6
IF1502,13:06:42,600,3380.4,248660,5,3380.4,3,3381
IF1502,13:06:43,100,3380.2,248678,16,3380.2,1,3380.4
IF1502,13:06:43,600,3380.4,248704,1,3380.2,3,3380.4
IF1502,13:06:44,100,3380,248726,11,3380,6,3380.2
IF1502,13:06:44,600,3380.6,248764,53,3380,9,3380.8
IF1502,13:06:45,100,3381.4,248811,3,3381.6,2,3381.8
IF1502,13:06:45,600,3381.8,248831,15,3381.8,5,3382
IF1502,13:06:46,100,3382.2,248838,10,3382,8,3382.2
IF1502,13:06:46,600,3382.6,248867,1,3382.6,11,3382.8
IF1502,13:06:47,100,3383.2,248892,27,3383,12,3383.2
IF1502,13:06:47,600,3384.2,248926,1,3384,5,3384.2
IF1502,13:06:48,100,3384.4,248985,4,3384.4,55,3385
IF1502,13:06:48,600,3384.2,249003,8,3383.8,12,3384
IF1502,13:06:49,100,3383.6,249016,7,3383.6,5,3384
IF1502,13:06:49,600,3383.6,249029,9,3383.4,13,3383.6
IF1502,13:06:50,100,3383.4,249032,10,3383.4,19,3383.6
IF1502,13:06:50,600,3383.6,249037,4,3383.4,23,3383.6
IF1502,13:06:51,100,3383.4,249058,3,3383.4,21,3383.6
IF1502,13:06:51,600,3384,249103,1,3383.8,4,3384
IF1502,13:06:52,100,3384.4,249119,5,3384.2,6,3384.4
IF1502,13:06:52,600,3385,249147,41,3384.8,5,3385
IF1502,13:06:53,100,3384.8,249172,8,3385.6,7,3386
IF1502,13:06:53,600,3386,249181,2,3385.6,1,3386
IF1502,13:06:54,100,3385.4,249198,68,3385.4,1,3386.2
IF1502,13:06:54,600,3386.8,249213,2,3386.6,3,3386.8
IF1502,13:06:55,100,3386.8,249222,7,3386.8,1,3387
IF1502,13:06:55,600,3387,249223,7,3386.8,4,3387
IF1502,13:06:56,100,3387,249224,10,3386.8,3,3387
IF1502,13:06:56,600,3387.2,249246,1,3387.2,7,3387.4
IF1502,13:06:57,100,3387.2,249276,3,3387.2,2,3387.4
IF1502,13:06:57,600,3387.4,249280,2,3387.4,4,3387.6
IF1502,13:06:58,100,3387,249291,8,3387,8,3387.2
IF1502,13:06:58,600,3387,249296,8,3387,2,3387.2
IF1502,13:06:59,100,3387.4,249310,8,3387.2,10,3387.4
IF1502,13:06:59,600,3387.4,249316,4,3387.2,16,3387.4
IF1502,13:07:00,100,3387.2,249323,7,3387.2,10,3387.4
IF1502,13:07:00,600,3387.4,249339,7,3387,4,3387.4
IF1502,13:07:01,100,3387.8,249365,8,3387.4,2,3387.8
IF1502,13:07:01,600,3388,249383,15,3387.4,4,3388
IF1502,13:07:02,100,3388.2,249397,4,3387.8,6,3388.4
IF1502,13:07:02,600,3388.6,249407,6,3388.4,21,3388.6
IF1502,13:07:03,100,3388.6,249429,19,3388.2,9,3388.6
IF1502,13:07:03,600,3389,249451,53,3388.4,3,3389
IF1502,13:07:04,100,3389.4,249466,8,3389.2,2,3389.4
IF1502,13:07:04,600,3389.6,249473,6,3389.2,3,3389.6
IF1502,13:07:05,100,3389.6,249480,6,3389.4,1,3389.6
IF1502,13:07:05,600,3389.8,249483,8,3389.6,10,3389.8
IF1502,13:07:06,100,3390,249494,8,3389.6,4,3390
IF1502,13:07:06,600,3389.4,249522,6,3389.4,50,3389.6
IF1502,13:07:07,100,3388.8,249559,1,3388.6,61,3389
IF1502,13:07:07,600,3387.8,249587,7,3387.6,2,3388
IF1502,13:07:08,100,3387.8,249594,2,3387.8,3,3388
IF1502,13:07:08,600,3387.8,249618,49,3387.6,3,3387.8
IF1502,13:07:09,100,3388.2,249639,42,3387.8,2,3388.2
IF1502,13:07:09,600,3389,249660,54,3388.6,3,3389
IF1502,13:07:10,100,3389.6,249675,45,3389.2,4,3389.8
IF1502,13:07:10,600,3389.8,249696,45,3389.2,1,3389.8
IF1502,13:07:11,100,3390.4,249702,1,3390.2,3,3390.4
IF1502,13:07:11,600,3390.8,249712,7,3390.6,5,3390.8
IF1502,13:07:12,100,3390.8,249732,1,3390.8,47,3391.2
IF1502,13:07:12,600,3390.4,249741,9,3390.2,2,3390.4
IF1502,13:07:13,100,3390.6,249758,6,3390.2,1,3390.6
IF1502,13:07:13,600,3390.2,249769,3,3390,2,3390.2
IF1502,13:07:14,100,3392.2,249808,11,3392.2,3,3392.4
IF1502,13:07:14,600,3392.2,249824,2,3392.2,2,3392.4
IF1502,13:07:15,100,3392.4,249853,1,3392,4,3392.2
IF1502,13:07:15,600,3392.4,249867,3,3392.4,9,3392.8
IF1502,13:07:16,100,3392.4,249869,2,3392.4,8,3392.6
IF1502,13:07:16,600,3392.6,249876,4,3392.2,3,3392.6
IF1502,13:07:17,100,3392.6,249881,4,3392.2,1,3392.6
IF1502,13:07:17,600,3392.4,249897,4,3392.2,2,3392.8
IF1502,13:07:18,100,3391.8,249913,6,3391.6,4,3391.8
IF1502,13:07:18,600,3391,249934,2,3390.8,5,3391.2
IF1502,13:07:19,100,3390.6,249956,6,3390.4,41,3390.8
IF1502,13:07:19,600,3389.4,249984,6,3389.4,2,3390
IF1502,13:07:20,100,3389.6,249993,6,3389.4,2,3389.6
IF1502,13:07:20,600,3389,250012,4,3389,6,3389.2
IF1502,13:07:21,100,3389.2,250024,3,3389,4,3389.2
IF1502,13:07:21,600,3389,250039,1,3389,2,3389.2
IF1502,13:07:22,100,3389.2,250046,7,3389,5,3389.4
IF1502,13:07:22,600,3389.6,250062,7,3390,46,3390.2
IF1502,13:07:23,100,3390,250070,5,3390,10,3390.2
IF1502,13:07:23,600,3389.8,250081,7,3389.6,3,3390
IF1502,13:07:24,100,3389.8,250081,11,3389.6,6,3390
IF1502,13:07:24,600,3388.8,250109,6,3388.6,2,3388.8
IF1502,13:07:25,100,3388.2,250128,4,3388.2,4,3388.4
IF1502,13:07:25,600,3388,250168,5,3388,6,3388.2
IF1502,13:07:26,100,3387.6,250181,5,3387.6,1,3388
IF1502,13:07:26,600,3387.4,250200,5,3387.4,5,3387.6
IF1502,13:07:27,100,3387,250211,8,3387,4,3387.2
IF1502,13:07:27,600,3387,250224,1,3387,35,3387.2
IF1502,13:07:28,100,3387,250249,25,3387,67,3387.4
IF1502,13:07:28,600,3387.4,250278,2,3386.4,4,3386.6
IF1502,13:07:29,100,3386,250303,9,3386,1,3386.2
IF1502,13:07:29,600,3386.2,250305,3,3386.2,4,3386.4
IF1502,13:07:30,100,3386.4,250313,4,3386.2,1,3386.4
IF1502,13:07:30,600,3386.2,250336,8,3386,1,3386.4
IF1502,13:07:31,100,3386.8,250346,2,3387,1,3387.2
IF1502,13:07:31,600,3386.8,250358,4,3386.4,3,3386.6
IF1502,13:07:32,100,3387.4,250372,50,3387.2,16,3387.6
IF1502,13:07:32,600,3387.6,250377,1,3387.4,12,3387.6
IF1502,13:07:33,100,3387.4,250391,3,3387.4,2,3387.6
IF1502,13:07:33,600,3387.4,250392,7,3387.4,2,3387.6
IF1502,13:07:34,100,3388.2,250415,3,3388.2,5,3388.4
IF1502,13:07:34,600,3388.4,250419,7,3388,4,3388.2
IF1502,13:07:35,100,3388,250424,6,3388,7,3388.4
IF1502,13:07:35,600,3388,250439,2,3387.8,4,3388
IF1502,13:07:36,100,3388.4,250443,6,3388,5,3388.4
IF1502,13:07:36,600,3388.6,250452,38,3388.2,4,3388.6
IF1502,13:07:37,100,3389.4,250470,2,3389.4,17,3389.6
IF1502,13:07:37,600,3389.6,250483,7,3389.4,5,3389.6
IF1502,13:07:38,100,3389.8,250499,6,3389.6,1,3389.8
IF1502,13:07:38,600,3390,250504,4,3389.8,7,3390
IF1502,13:07:39,100,3390,250523,3,3389.8,4,3390.2
IF1502,13:07:39,600,3390.2,250524,3,3390,7,3390.2
IF1502,13:07:40,100,3390.8,250566,39,3390.2,4,3391
IF1502,13:07:40,600,3390.8,250586,1,3390.8,38,3391.4
IF1502,13:07:41,100,3390.2,250600,14,3390,7,3390.2
IF1502,13:07:41,600,3390.2,250628,8,3389.8,58,3390.2
IF1502,13:07:42,100,3389.6,250644,11,3389.4,5,3390
IF1502,13:07:42,600,3390,250648,1,3389.6,4,3390
IF1502,13:07:43,100,3389.2,250670,2,3389.2,2,3390
IF1502,13:07:43,600,3390,250673,2,3389.8,1,3390
IF1502,13:07:44,100,3390.8,250701,1,3390.8,7,3391
IF1502,13:07:44,600,3390.8,250704,1,3390.8,8,3391
IF1502,13:07:45,100,3391,250710,4,3390.8,2,3391
IF1502,13:07:45,600,3391,250714,2,3390.8,2,3391
IF1502,13:07:46,100,3390.6,250720,7,3390.6,5,3390.8
IF1502,13:07:46,600,3390.6,250721,6,3390.6,9,3390.8
IF1502,13:07:47,100,3390.4,250730,18,3390.4,71,3390.8
IF1502,13:07:47,600,3389.6,250770,4,3389.6,26,3390.2
IF1502,13:07:48,100,3389,250794,4,3389,28,3389.4
IF1502,13:07:48,600,3388.4,250820,5,3388.2,2,3388.4
IF1502,13:07:49,100,3388,250833,12,3388,5,3388.4
IF1502,13:07:49,600,3388,250841,5,3388,60,3388.2
IF1502,13:07:50,100,3388,250860,1,3387.8,7,3388
IF1502,13:07:50,600,3387.4,250873,36,3387.4,14,3387.8
IF1502,13:07:51,100,3387.4,250887,19,3387.4,12,3387.8
IF1502,13:07:51,600,3387.4,250905,2,3387.4,55,3387.8
IF1502,13:07:52,100,3387.2,250928,40,3387.2,37,3387.6
IF1502,13:07:52,600,3387.2,250951,18,3387.2,1,3387.4
IF1502,13:07:53,100,3386.8,250985,3,3386.8,37,3387.2
IF1502,13:07:53,600,3386.4,251005,6,3386.4,6,3386.6
IF1502,13:07:54,100,3386.2,251021,22,3386.2,1,3386.6
IF1502,13:07:54,600,3386.2,251039,16,3386.2,49,3386.6
IF1502,13:07:55,100,3386,251061,4,3386,3,3387.2
IF1502,13:07:55,600,3386.2,251088,6,3386,4,3386.6
IF1502,13:07:56,100,3386.2,251108,8,3385.8,2,3386
IF1502,13:07:56,600,3386.6,251120,2,3386.4,5,3386.6
IF1502,13:07:57,100,3386.2,251129,1,3386,1,3386.2
IF1502,13:07:57,600,3386.6,251140,47,3386.4,6,3386.8
IF1502,13:07:58,100,3387.4,251164,4,3387.4,6,3387.6
IF1502,13:07:58,600,3387.8,251177,2,3387.6,6,3387.8
IF1502,13:07:59,100,3388.2,251198,8,3387.6,2,3388
IF1502,13:07:59,600,3387.8,251207,25,3387.4,2,3387.6
IF1502,13:08:00,100,3387.4,251229,12,3387.4,4,3387.6
IF1502,13:08:00,600,3386.2,251255,2,3386,1,3386.2
IF1502,13:08:01,100,3386,251278,11,3386,3,3387
IF1502,13:08:01,600,3386.8,251286,2,3386.6,3,3386.8
IF1502,13:08:02,100,3386.8,251297,4,3386.4,6,3386.8
IF1502,13:08:02,600,3386.6,251308,2,3386.4,3,3386.8
IF1502,13:08:03,100,3386.6,251308,3,3386.6,7,3386.8
IF1502,13:08:03,600,3386.2,251320,4,3386.2,7,3386.4
IF1502,13:08:04,100,3386.6,251333,2,3386.6,6,3386.8
IF1502,13:08:04,600,3386.2,251345,6,3386.2,3,3386.6
IF1502,13:08:05,100,3386.4,251353,4,3386.2,8,3386.8
IF1502,13:08:05,600,3386,251372,9,3385.8,5,3386
IF1502,13:08:06,100,3385.6,251382,7,3385.6,3,3386
IF1502,13:08:06,600,3385.8,251391,9,3385.4,4,3385.6
IF1502,13:08:07,100,3385.2,251412,70,3385.2,2,3385.6
IF1502,13:08:07,600,3384.8,251502,1,3384,2,3384.2
IF1502,13:08:08,100,3383.8,251516,7,3383.8,31,3384
IF1502,13:08:08,600,3384,251533,4,3383.8,27,3384
IF1502,13:08:09,100,3384,251540,4,3383.8,19,3384
IF1502,13:08:09,600,3385.4,251584,45,3384.8,2,3385.4
IF1502,13:08:10,100,3385.8,251613,2,3385.8,15,3386.2
IF1502,13:08:10,600,3386.8,251633,6,3386.6,2,3386.8
IF1502,13:08:11,100,3386.8,251637,4,3386.8,8,3387
IF1502,13:08:11,600,3386.8,251647,8,3386.8,45,3387
IF1502,13:08:12,100,3385.6,251709,3,3385.6,4,3386.2
IF1502,13:08:12,600,3386.2,251724,8,3385,6,3385.4
IF1502,13:08:13,100,3385.2,251738,1,3385.2,6,3385.4
IF1502,13:08:13,600,3385.4,251751,36,3385.4,6,3385.6
IF1502,13:08:14,100,3386.6,251766,4,3386.4,1,3386.6
IF1502,13:08:14,600,3387.2,251792,34,3386.8,2,3387.2
IF1502,13:08:15,100,3387.4,251800,4,3387.6,3,3387.8
IF1502,13:08:15,600,3387.6,251814,9,3387.6,1,3387.8
IF1502,13:08:16,100,3387.6,251819,2,3387.6,6,3387.8
IF1502,13:08:16,600,3388.2,251842,56,3387.8,1,3388.2
IF1502,13:08:17,100,3388.8,251856,2,3388.8,3,3389.2
IF1502,13:08:17,600,3390,251870,29,3389.6,8,3390
IF1502,13:08:18,100,3390.8,251896,20,3389.6,2,3390.8
IF1502,13:08:18,600,3391,251910,3,3390.6,1,3391
IF1502,13:08:19,100,3390.2,251933,4,3390,2,3390.4
IF1502,13:08:19,600,3390.2,251947,2,3390.2,1,3390.6
IF1502,13:08:20,100,3390,251961,3,3390,1,3390.4
IF1502,13:08:20,600,3390.8,251967,42,3390.4,1,3391.4
IF1502,13:08:21,100,3391.6,251977,1,3391.4,3,3391.8
IF1502,13:08:21,600,3392.8,251993,1,3392.2,1,3392.8
IF1502,13:08:22,100,3392.8,252005,1,3392.8,4,3393
IF1502,13:08:22,600,3393.4,252016,3,3393.8,17,3394
IF1502,13:08:23,100,3394,252033,1,3393.8,10,3394
IF1502,13:08:23,600,3395.2,252054,3,3395.6,1,3395.8
IF1502,13:08:24,100,3395.4,252073,2,3396,7,3396.2
IF1502,13:08:24,600,3397,252096,1,3397,3,3397.2
IF1502,13:08:25,100,3397.2,252111,4,3397.2,6,3397.4
IF1502,13:08:25,600,3397.8,252125,4,3397.4,1,3397.8
IF1502,13:08:26,100,3397.6,252143,2,3397.6,5,3398.2
IF1502,13:08:26,600,3397.4,252191,3,3397.4,4,3397.6
IF1502,13:08:27,100,3397.2,252207,5,3397,4,3397.2
IF1502,13:08:27,600,3396.6,252230,1,3396.4,6,3396.8
IF1502,13:08:28,100,3395.8,252260,10,3395.6,14,3395.8
IF1502,13:08:28,600,3395.4,252273,6,3395.4,5,3395.6
IF1502,13:08:29,100,3395.4,252282,3,3395.2,43,3395.4
IF1502,13:08:29,600,3394.4,252307,6,3394.2,11,3394.8
IF1502,13:08:30,100,3394,252317,8,3394,40,3394.4
IF1502,13:08:30,600,3394.2,252350,13,3394.2,4,3394.4
IF1502,13:08:31,100,3393.4,252378,6,3393.2,1,3393.4
IF1502,13:08:31,600,3392.8,252393,7,3392.8,6,3393
IF1502,13:08:32,100,3392.8,252401,4,3392.8,2,3393
IF1502,13:08:32,600,3393.2,252412,5,3392.8,4,3393.2
IF1502,13:08:33,100,3392.8,252421,14,3392.6,1,3392.8
IF1502,13:08:33,600,3392.6,252434,2,3392.6,2,3392.8
IF1502,13:08:34,100,3392.4,252445,9,3392.4,3,3392.8
IF1502,13:08:34,600,3392.6,252452,5,3392.6,9,3392.8
IF1502,13:08:35,100,3392.4,252461,8,3392.6,5,3392.8
IF1502,13:08:35,600,3392.8,252476,22,3392.8,8,3393
IF1502,13:08:36,100,3392.6,252500,6,3392.4,2,3392.6
IF1502,13:08:36,600,3392.4,252519,9,3392.2,2,3392.4
IF1502,13:08:37,100,3391.2,252565,1,3390.8,1,3391
IF1502,13:08:37,600,3390.6,252573,7,3390.6,2,3390.8
IF1502,13:08:38,100,3390.8,252578,4,3390.6,3,3391
IF1502,13:08:38,600,3391.8,252629,7,3391.6,1,3391.8
IF1502,13:08:39,100,3392.2,252640,4,3392,1,3392.2
IF1502,13:08:39,600,3392.2,252647,7,3392,3,3392.2
IF1502,13:08:40,100,3392.2,252660,3,3392.2,7,3392.4
IF1502,13:08:40,600,3392.2,252676,3,3392.2,3,3392.4
IF1502,13:08:41,100,3392.2,252678,32,3392,2,3392.4
IF1502,13:08:41,600,3392.4,252683,34,3392,6,3392.4
IF1502,13:08:42,100,3392.2,252700,5,3392.2,2,3392.4
IF1502,13:08:42,600,3392.4,252707,21,3392.4,15,3392.6
IF1502,13:08:43,100,3392.4,252721,8,3392.4,50,3392.6
IF1502,13:08:43,600,3391.8,252782,2,3391.4,6,3391.8
IF1502,13:08:44,100,3390.6,252789,2,3390.6,35,3391.2
IF1502,13:08:44,600,3390.2,252797,2,3390.2,2,3390.4
IF1502,13:08:45,100,3390.2,252803,15,3390,8,3390.4
IF1502,13:08:45,600,3389,252828,4,3388.8,1,3389.2
IF1502,13:08:46,100,3389.2,252839,5,3389,1,3389.4
IF1502,13:08:46,600,3389,252843,2,3389,2,3389.4
IF1502,13:08:47,100,3389.8,252883,2,3390,1,3390.2
IF1502,13:08:47,600,3389,252892,1,3389,2,3389.2
IF1502,13:08:48,100,3389.4,252908,1,3389.4,1,3389.6
IF1502,13:08:48,600,3388.8,252915,1,3388.6,1,3388.8
IF1502,13:08:49,100,3389.8,252919,1,3389.6,4,3389.8
IF1502,13:08:49,600,3389.8,252925,3,3389.6,2,3390
IF1502,13:08:50,100,3390.6,252943,2,3390.6,1,3390.8
IF1502,13:08:50,600,3390.4,252946,2,3390,1,3390.2
IF1502,13:08:51,100,3389.6,252962,12,3389.6,7,3389.8
IF1502,13:08:51,600,3389.6,252966,10,3389.6,7,3389.8
IF1502,13:08:52,100,3389.8,252987,2,3389.6,2,3389.8
IF1502,13:08:52,600,3389.8,252999,33,3389.4,30,3389.8
IF1502,13:08:53,100,3389.8,253004,5,3389.6,24,3389.8
IF1502,13:08:53,600,3389.6,253024,77,3389.4,37,3389.6
IF1502,13:08:54,100,3389.6,253045,77,3389.4,16,3389.6
IF1502,13:08:54,600,3389.8,253068,58,3389.6,14,3389.8
IF1502,13:08:55,100,3389.8,253081,37,3389.6,1,3389.8
IF1502,13:08:55,600,3390,253090,35,3389.8,4,3390
IF1502,13:08:56,100,3390.6,253097,36,3390.4,1,3390.6
IF1502,13:08:56,600,3390.6,253107,3,3390.4,1,3391
IF1502,13:08:57,100,3391,253114,2,3390.6,1,3391
IF1502,13:08:57,600,3390.6,253120,2,3390.8,1,3391
IF1502,13:08:58,100,3391.2,253127,4,3391,1,3391.2
IF1502,13:08:58,600,3392.2,253150,19,3391.4,4,3392.6
IF1502,13:08:59,100,3391.8,253158,19,3391.4,1,3391.6
IF1502,13:08:59,600,3391.4,253170,10,3391.4,2,3391.6
IF1502,13:09:00,100,3391.4,253178,2,3391.4,2,3391.6
IF1502,13:09:00,600,3391.2,253181,18,3391.2,42,3391.4
IF1502,13:09:01,100,3391,253212,2,3391,13,3391.4
IF1502,13:09:01,600,3390.8,253220,3,3390.6,4,3390.8
IF1502,13:09:02,100,3390.6,253224,3,3390.6,9,3390.8
IF1502,13:09:02,600,3390.4,253235,3,3390.4,4,3390.6
IF1502,13:09:03,100,3390.6,253245,1,3390.6,8,3390.8
IF1502,13:09:03,600,3389.8,253264,3,3389.8,47,3390
IF1502,13:09:04,100,3390,253279,5,3389.6,3,3390
IF1502,13:09:04,600,3389.6,253290,22,3389.4,3,3389.8
IF1502,13:09:05,100,3389.4,253303,16,3389.4,3,3389.6
IF1502,13:09:05,600,3389.6,253310,1,3389.8,1,3390
IF1502,13:09:06,100,3389.4,253317,11,3389.4,44,3390
IF1502,13:09:06,600,3389.4,253328,3,3389.4,46,3390
IF1502,13:09:07,100,3390,253333,2,3389.8,3,3390
IF1502,13:09:07,600,3389.2,253351,10,3390,3,3390.2
IF1502,13:09:08,100,3390,253357,6,3390,4,3390.2
IF1502,13:09:08,600,3390,253364,5,3390,4,3390.2
IF1502,13:09:09,100,3389.8,253371,1,3389.8,4,3390.2
IF1502,13:09:09,600,3389.2,253383,1,3389.2,1,3389.6
IF1502,13:09:10,100,3389,253389,24,3389,3,3389.2
IF1502,13:09:10,600,3389.2,253401,15,3389,102,3389.2
IF1502,13:09:11,100,3389,253415,3,3389,106,3389.2
IF1502,13:09:11,600,3389,253426,4,3388.8,3,3389
IF1502,13:09:12,100,3388.8,253431,1,3388.8,3,3389
IF1502,13:09:12,600,3388.8,253434,12,3388.6,7,3389
IF1502,13:09:13,100,3388.8,253438,5,3388.8,4,3389
IF1502,13:09:13,600,3389.2,253441,4,3389,101,3389.2
IF1502,13:09:14,100,3389.2,253453,8,3388.8,2,3389
IF1502,13:09:14,600,3388.8,253458,5,3388.8,2,3389
IF1502,13:09:15,100,3389.2,253475,2,3388.8,81,3389.2
IF1502,13:09:15,600,3389.2,253481,2,3388.8,75,3389.2
IF1502,13:09:16,100,3389.2,253489,2,3388.8,68,3389.2
IF1502,13:09:16,600,3389.2,253503,47,3388.6,56,3389.2
IF1502,13:09:17,100,3389.2,253506,5,3389,54,3389.2
IF1502,13:09:17,600,3389,253511,3,3388.8,1,3389
IF1502,13:09:18,100,3389,253512,6,3388.8,4,3389
IF1502,13:09:18,600,3389,253516,1,3389,55,3389.2
IF1502,13:09:19,100,3389.2,253524,1,3389,57,3389.2
IF1502,13:09:19,600,3389.2,253536,47,3388.8,49,3389.2
IF1502,13:09:20,100,3389.2,253545,6,3388.8,42,3389.2
IF1502,13:09:20,600,3389.2,253558,36,3389,29,3389.2
IF1502,13:09:21,100,3389.4,253595,26,3389.2,2,3389.4
IF1502,13:09:21,600,3389.6,253605,60,3389.2,10,3389.6
IF1502,13:09:22,100,3389.8,253618,1,3389.4,9,3389.8
IF1502,13:09:22,600,3389.6,253624,2,3389.6,6,3389.8
IF1502,13:09:23,100,3389.8,253628,6,3389.6,5,3389.8
IF1502,13:09:23,600,3389.4,253636,5,3389.4,2,3389.8
IF1502,13:09:24,100,3389.2,253641,6,3389.2,2,3389.4
IF1502,13:09:24,600,3389.2,253648,4,3389,2,3389.4
IF1502,13:09:25,100,3389.4,253651,4,3389,4,3389.2
IF1502,13:09:25,600,3389,253662,1,3388.8,3,3389.4
IF1502,13:09:26,100,3388.6,253665,12,3388.6,39,3389
IF1502,13:09:26,600,3388.4,253682,8,3388.4,36,3388.6
IF1502,13:09:27,100,3388.4,253710,3,3388.2,1,3388.4
IF1502,13:09:27,600,3387.8,253717,2,3387.8,2,3388
IF1502,13:09:28,100,3388.4,253730,36,3387.8,1,3388.4
IF1502,13:09:28,600,3388.2,253739,3,3388.2,4,3388.6
IF1502,13:09:29,100,3388.8,253750,93,3388.6,6,3388.8
IF1502,13:09:29,600,3389,253757,1,3389,5,3389.2
IF1502,13:09:30,100,3389.2,253762,38,3389,1,3389.2
IF1502,13:09:30,600,3389.6,253775,1,3389.2,7,3389.6
IF1502,13:09:31,100,3390,253800,40,3389.6,2,3390
IF1502,13:09:31,600,3391.6,253833,1,3391.8,7,3392
IF1502,13:09:32,100,3392,253838,1,3391.8,4,3392
IF1502,13:09:32,600,3392.2,253850,2,3392.2,7,3392.6
IF1502,13:09:33,100,3391.8,253865,2,3391.6,37,3392.2
IF1502,13:09:33,600,3391.6,253877,1,3391.2,3,3391.4
IF1502,13:09:34,100,3391.2,253888,1,3391,4,3391.6
IF1502,13:09:34,600,3391,253899,4,3391.4,4,3391.8
IF1502,13:09:35,100,3391.6,253904,4,3391.4,1,3391.8
IF1502,13:09:35,600,3391.4,253907,2,3391.4,1,3391.6
IF1502,13:09:36,100,3391.2,253914,2,3390.8,2,3391
IF1502,13:09:36,600,3391,253916,1,3390.8,3,3391
IF1502,13:09:37,100,3390.8,253918,2,3390.6,7,3390.8
IF1502,13:09:37,600,3390.8,253920,3,3390.6,5,3390.8
IF1502,13:09:38,100,3391.2,253928,1,3391,4,3391.2
IF1502,13:09:38,600,3391,253932,1,3391,2,3391.2
IF1502,13:09:39,100,3391,253935,4,3391,2,3391.4
IF1502,13:09:39,600,3391,253935,5,3391,3,3391.2
IF1502,13:09:40,100,3391.2,253937,5,3391,4,3391.2
IF1502,13:09:40,600,3391,253941,4,3391,63,3391.4
IF1502,13:09:41,100,3390.8,253949,6,3390.8,63,3391.4
IF1502,13:09:41,600,3390.4,253964,2,3390.4,44,3391
IF1502,13:09:42,100,3390.4,253982,1,3390.2,1,3390.4
IF1502,13:09:42,600,3390.8,253986,5,3390.4,3,3390.8
IF1502,13:09:43,100,3390.8,253990,6,3390.8,5,3391
IF1502,13:09:43,600,3391,253991,7,3390.8,4,3391
IF1502,13:09:44,100,3390.8,253995,6,3390.8,2,3391
IF1502,13:09:44,600,3391,254005,2,3391,4,3391.2
IF1502,13:09:45,100,3391,254008,3,3390.8,2,3391.2
IF1502,13:09:45,600,3390.6,254017,3,3390.4,1,3390.6
IF1502,13:09:46,100,3390.2,254024,4,3390.2,2,3390.6
IF1502,13:09:46,600,3389.2,254053,7,3389.2,25,3389.8
IF1502,13:09:47,100,3388.6,254068,92,3388.6,55,3389
IF1502,13:09:47,600,3387.8,254171,4,3387.6,7,3388.2
IF1502,13:09:48,100,3387,254185,4,3386.8,31,3387.2
IF1502,13:09:48,600,3386.4,254208,2,3386.2,58,3387
IF1502,13:09:49,100,3386,254226,3,3386.8,3,3387.2
IF1502,13:09:49,600,3386.2,254244,8,3386,16,3386.2
IF1502,13:09:50,100,3386.2,254253,10,3386,8,3386.2
IF1502,13:09:50,600,3387,254276,42,3386.2,4,3387.2
IF1502,13:09:51,100,3387.6,254293,1,3388,1,3388.2
IF1502,13:09:51,600,3388.6,254303,4,3388.4,1,3388.6
IF1502,13:09:52,100,3389,254312,2,3389.6,2,3389.8
IF1502,13:09:52,600,3389.6,254316,4,3389.4,1,3389.8
IF1502,13:09:53,100,3389.4,254323,6,3389.2,1,3389.4
IF1502,13:09:53,600,3389.6,254333,2,3389.4,1,3389.8
IF1502,13:09:54,100,3389.6,254335,6,3389.4,3,3389.6
IF1502,13:09:54,600,3389.8,254343,2,3389.6,3,3390
IF1502,13:09:55,100,3389.6,254351,5,3389.4,3,3390
IF1502,13:09:55,600,3389.4,254356,37,3389.2,1,3389.6
IF1502,13:09:56,100,3389.2,254357,41,3389.2,4,3389.4
IF1502,13:09:56,600,3389.2,254360,40,3389.2,2,3389.4
IF1502,13:09:57,100,3389.6,254364,3,3389.4,9,3389.6
IF1502,13:09:57,600,3389.4,254368,42,3389.2,3,3389.4
IF1502,13:09:58,100,3389.2,254378,33,3389.2,1,3389.4
IF1502,13:09:58,600,3389.4,254385,23,3389.2,9,3389.6
IF1502,13:09:59,100,3387.4,254438,2,3387.2,2,3387.4
IF1502,13:09:59,600,3387.6,254442,2,3387.6,1,3387.8
IF1502,13:10:00,100,3388,254468,3,3387.8,2,3388
IF1502,13:10:00,600,3388.4,254479,1,3388.6,1,3389
IF1502,13:10:01,100,3388.8,254495,50,3388.2,7,3388.8
IF1502,13:10:01,600,3389.4,254512,54,3388.6,1,3389.4
IF1502,13:10:02,100,3389.6,254514,1,3389.2,2,3389.6
IF1502,13:10:02,600,3390.2,254527,2,3389.8,3,3390.2
IF1502,13:10:03,100,3390,254532,6,3390,1,3390.2
IF1502,13:10:03,600,3390.2,254543,38,3390.2,4,3390.4
IF1502,13:10:04,100,3390.2,254560,24,3390.2,1,3390.4
IF1502,13:10:04,600,3390.2,254580,10,3390.2,54,3390.6
IF1502,13:10:05,100,3390.2,254585,2,3390.2,45,3391
IF1502,13:10:05,600,3389.8,254595,2,3389.8,2,3390
IF1502,13:10:06,100,3390.4,254605,2,3389.8,3,3390.4
IF1502,13:10:06,600,3390.4,254609,4,3389.8,3,3390.2
IF1502,13:10:07,100,3390.2,254610,5,3390,2,3390.2
IF1502,13:10:07,600,3389.8,254620,1,3389.8,1,3390.2
IF1502,13:10:08,100,3389.6,254624,8,3389.6,4,3389.8
IF1502,13:10:08,600,3389.6,254635,4,3389.4,1,3389.8
IF1502,13:10:09,100,3389.6,254643,3,3389.4,2,3389.8
IF1502,13:10:09,600,3389,254653,11,3388.8,1,3389
IF1502,13:10:10,100,3388.8,254660,6,3388.8,2,3389
IF1502,13:10:10,600,3388.8,254666,3,3388.6,3,3389
IF1502,13:10:11,100,3388.6,254669,2,3388.4,2,3388.8
IF1502,13:10:11,600,3389,254678,58,3388.4,5,3388.6
IF1502,13:10:12,100,3389,254685,1,3388.4,1,3389.2
IF1502,13:10:12,600,3389.4,254692,4,3389.4,4,3389.6
IF1502,13:10:13,100,3389.4,254694,3,3389.4,7,3389.6
IF1502,13:10:13,600,3389.2,254699,1,3389.2,53,3389.6
IF1502,13:10:14,100,3388.8,254707,1,3388.6,5,3389.6
IF1502,13:10:14,600,3388.8,254711,3,3388.6,2,3388.8
IF1502,13:10:15,100,3389,254715,6,3388.6,1,3389
IF1502,13:10:15,600,3388.8,254716,4,3388.6,4,3389
IF1502,13:10:16,100,3388.8,254717,3,3388.6,5,3388.8
IF1502,13:10:16,600,3388.8,254719,3,3388.6,5,3388.8
IF1502,13:10:17,100,3389.4,254731,3,3389.2,1,3389.4
IF1502,13:10:17,600,3389,254738,2,3389,2,3389.2
IF1502,13:10:18,100,3388.8,254752,3,3388.8,2,3389
IF1502,13:10:18,600,3389,254756,2,3388.8,8,3389
IF1502,13:10:19,100,3389,254764,5,3388.8,2,3389
IF1502,13:10:19,600,3389.2,254768,5,3389,1,3389.2
IF1502,13:10:20,100,3389.6,254777,7,3389,4,3389.8
IF1502,13:10:20,600,3390,254782,10,3389.8,4,3390
IF1502,13:10:21,100,3390,254787,1,3390,5,3390.2
IF1502,13:10:21,600,3390.4,254794,3,3390.2,3,3390.4
IF1502,13:10:22,100,3390.8,254799,2,3390.6,3,3390.8
IF1502,13:10:22,600,3390.8,254803,16,3390.8,2,3391
IF1502,13:10:23,100,3390.8,254826,3,3390.8,5,3391
IF1502,13:10:23,600,3390.8,254830,7,3390.6,2,3390.8
IF1502,13:10:24,100,3390.6,254831,6,3390.6,1,3390.8
IF1502,13:10:24,600,3390.6,254836,6,3390.6,2,3390.8
IF1502,13:10:25,100,3390.6,254841,7,3390.6,40,3390.8
IF1502,13:10:25,600,3390.8,254856,3,3390.6,2,3390.8
IF1502,13:10:26,100,3390.6,254863,1,3390.8,5,3391
IF1502,13:10:26,600,3391,254864,2,3390.8,4,3391
IF1502,13:10:27,100,3391,254886,3,3390.8,1,3391
IF1502,13:10:27,600,3391,254891,6,3391,3,3391.2
IF1502,13:10:28,100,3390.8,254900,3,3390.8,2,3391.2
IF1502,13:10:28,600,3390.8,254901,7,3390.8,3,3391.2
IF1502,13:10:29,100,3390.8,254903,13,3390.8,15,3391
IF1502,13:10:29,600,3391,254905,13,3390.8,16,3391
IF1502,13:10:30,100,3390.8,254908,12,3390.8,20,3391
IF1502,13:10:30,600,3390.8,254922,4,3390.6,19,3391
IF1502,13:10:31,100,3390.6,254929,5,3390.4,1,3390.6
IF1502,13:10:31,600,3390.2,254939,2,3390.2,40,3390.6
IF1502,13:10:32,100,3389.8,254956,2,3389.8,48,3390.2
IF1502,13:10:32,600,3389.4,254963,2,3389.4,37,3389.8
IF1502,13:10:33,100,3389.8,254990,1,3388.8,2,3389.2
IF1502,13:10:33,600,3389.4,254997,3,3389.2,2,3389.4
IF1502,13:10:34,100,3389.6,255001,5,3389.4,4,3389.8
IF1502,13:10:34,600,3390,255008,2,3389.6,3,3390
IF1502,13:10:35,100,3389.6,255017,1,3389.6,47,3389.8
IF1502,13:10:35,600,3389.6,255037,12,3389.6,43,3389.8
IF1502,13:10:36,100,3389,255066,10,3389,47,3389.6
IF1502,13:10:36,600,3387.6,255113,1,3387.6,25,3388.6
IF1502,13:10:37,100,3388.6,255136,4,3387.4,4,3387.6
IF1502,13:10:37,600,3387.4,255146,2,3387.2,3,3387.4
IF1502,13:10:38,100,3387.4,255151,3,3387.2,2,3387.6
IF1502,13:10:38,600,3387.2,255156,2,3387.2,4,3387.4
IF1502,13:10:39,100,3386.6,255168,1,3386.6,3,3386.8
IF1502,13:10:39,600,3388,255191,2,3388.4,1,3388.8
IF1502,13:10:40,100,3388.2,255236,4,3387.6,4,3388
IF1502,13:10:40,600,3387.6,255257,3,3387.4,3,3387.6
IF1502,13:10:41,100,3387.6,255267,1,3386.6,1,3386.8
IF1502,13:10:41,600,3386,255290,4,3386,47,3386.6
IF1502,13:10:42,100,3385.6,255323,12,3385.6,3,3386
IF1502,13:10:42,600,3385.4,255341,5,3385.2,1,3385.4
IF1502,13:10:43,100,3385.2,255348,7,3385,7,3385.2
IF1502,13:10:43,600,3385.2,255358,5,3385,5,3385.2
IF1502,13:10:44,100,3385.8,255372,26,3385.2,4,3386
IF1502,13:10:44,600,3386.4,255386,1,3386.2,1,3386.4
IF1502,13:10:45,100,3387,255393,1,3387.2,3,3387.4
IF1502,13:10:45,600,3387.4,255396,1,3387.4,3,3387.6
IF1502,13:10:46,100,3387.6,255401,8,3387.4,6,3387.8
IF1502,13:10:46,600,3387.6,255405,1,3387.6,44,3387.8
IF1502,13:10:47,100,3387.4,255418,5,3387.4,3,3387.6
IF1502,13:10:47,600,3387.4,255423,2,3387.4,4,3387.6
IF1502,13:10:48,100,3387.2,255434,3,3387,65,3387.8
IF1502,13:10:48,600,3387,255439,6,3386.8,37,3387.6
IF1502,13:10:49,100,3386.2,255457,1,3386.2,46,3386.4
IF1502,13:10:49,600,3385.2,255475,19,3385.2,1,3385.6
IF1502,13:10:50,100,3385.2,255491,5,3385.2,60,3385.6
IF1502,13:10:50,600,3384.2,255514,1,3384.2,6,3384.6
IF1502,13:10:51,100,3384.4,255534,2,3384.4,2,3385
IF1502,13:10:51,600,3385,255540,1,3384.2,1,3384.4
IF1502,13:10:52,100,3385,255556,1,3384.8,10,3385.2
IF1502,13:10:52,600,3385.4,255575,1,3385.2,2,3385.4
IF1502,13:10:53,100,3386,255586,9,3385.8,3,3386.2
IF1502,13:10:53,600,3386.4,255595,13,3385.8,1,3386.2
IF1502,13:10:54,100,3386.2,255602,9,3385.8,3,3386
IF1502,13:10:54,600,3385.8,255606,7,3385.8,3,3386
IF1502,13:10:55,100,3385.8,255611,5,3385.8,2,3386
IF1502,13:10:55,600,3386.4,255621,3,3386.6,1,3386.8
IF1502,13:10:56,100,3387,255625,7,3386.8,4,3387.2
IF1502,13:10:56,600,3387.6,255633,2,3387.4,1,3387.6
IF1502,13:10:57,100,3387.8,255652,3,3388,1,3388.2
IF1502,13:10:57,600,3388.2,255657,3,3388.2,2,3388.4
IF1502,13:10:58,100,3388.6,255681,3,3387.8,30,3388.8
IF1502,13:10:58,600,3387.6,255691,1,3387.6,1,3387.8
IF1502,13:10:59,100,3387,255700,6,3386.8,1,3387
IF1502,13:10:59,600,3387,255712,2,3386.8,2,3387.2
IF1502,13:11:00,100,3387.4,255725,1,3387.4,3,3387.6
IF1502,13:11:00,600,3387.8,255738,2,3386.8,1,3387.8
IF1502,13:11:01,100,3388.8,255760,1,3389.2,8,3389.6
IF1502,13:11:01,600,3389.4,255765,3,3389.4,4,3389.6
IF1502,13:11:02,100,3389.4,255779,9,3389.4,1,3389.6
IF1502,13:11:02,600,3389.4,255788,9,3389.4,3,3389.6
IF1502,13:11:03,100,3389.6,255812,1,3389.4,3,3389.8
IF1502,13:11:03,600,3389.6,255816,1,3389.4,1,3389.6
IF1502,13:11:04,100,3390,255827,1,3389.8,32,3390
IF1502,13:11:04,600,3389.8,255838,10,3389.6,1,3389.8
IF1502,13:11:05,100,3389.4,255878,1,3389.6,57,3390
IF1502,13:11:05,600,3388.8,255886,5,3388.6,1,3389
IF1502,13:11:06,100,3388.6,255902,1,3388.4,3,3388.8
IF1502,13:11:06,600,3388.4,255908,33,3388,1,3388.6
IF1502,13:11:07,100,3389,255918,1,3389,3,3389.2
IF1502,13:11:07,600,3389.6,255933,1,3388.8,3,3389
IF1502,13:11:08,100,3388.4,255948,3,3388.2,1,3388.4
IF1502,13:11:08,600,3388,255953,1,3388,5,3388.2
IF1502,13:11:09,100,3388.6,255971,3,3388.4,1,3388.6
IF1502,13:11:09,600,3388.4,255974,4,3388.2,2,3388.4
IF1502,13:11:10,100,3388.2,255992,3,3388.4,5,3388.8
IF1502,13:11:10,600,3389,255999,1,3389,2,3389.2
IF1502,13:11:11,100,3389.6,256006,1,3389.2,2,3389.4
IF1502,13:11:11,600,3389.4,256014,3,3389.4,3,3389.6
IF1502,13:11:12,100,3389.2,256019,1,3389.2,2,3389.4
IF1502,13:11:12,600,3388.8,256026,10,3388.8,42,3389.4
IF1502,13:11:13,100,3388.4,256042,1,3388.4,45,3388.8
IF1502,13:11:13,600,3388.2,256053,5,3388.2,2,3388.4
IF1502,13:11:14,100,3388,256069,2,3388,3,3388.2
IF1502,13:11:14,600,3388,256075,1,3388,6,3388.2
IF1502,13:11:15,100,3388.2,256082,2,3388,2,3388.2
IF1502,13:11:15,600,3387.8,256092,1,3387.8,1,3388
IF1502,13:11:16,100,3387.4,256114,1,3387.6,1,3387.8
IF1502,13:11:16,600,3387.2,256125,6,3387.2,4,3387.6
IF1502,13:11:17,100,3386.6,256135,4,3386.6,1,3386.8
IF1502,13:11:17,600,3386.6,256154,38,3386,3,3387
IF1502,13:11:18,100,3386.6,256160,1,3386.2,4,3386.8
IF1502,13:11:18,600,3385.8,256173,1,3385.8,1,3386
IF1502,13:11:19,100,3385.2,256189,4,3385.2,54,3385.4
IF1502,13:11:19,600,3384.6,256200,1,3384.6,2,3385.2
IF1502,13:11:20,100,3385.6,256231,1,3385.4,4,3385.8
IF1502,13:11:20,600,3385.2,256247,2,3385,25,3385.2
IF1502,13:11:21,100,3384.6,256276,44,3384.6,4,3385.2
IF1502,13:11:21,600,3385.2,256291,1,3385.2,4,3385.6
IF1502,13:11:22,100,3385,256301,1,3385,2,3385.2
IF1502,13:11:22,600,3384.6,256318,1,3384.6,1,3384.8
IF1502,13:11:23,100,3384,256337,2,3383.8,3,3384
IF1502,13:11:23,600,3384.2,256353,42,3383.4,4,3384.2
IF1502,13:11:24,100,3384.2,256368,2,3384,3,3384.4
IF1502,13:11:24,600,3384.4,256378,2,3384.2,2,3384.6
IF1502,13:11:25,100,3385,256483,1,3384.8,1,3385.2
IF1502,13:11:25,600,3385.2,256496,26,3385.2,4,3385.4
IF1502,13:11:26,100,3385.4,256509,1,3385.4,4,3385.6
IF1502,13:11:26,600,3385.2,256520,21,3385.2,3,3385.8
IF1502,13:11:27,100,3386,256531,2,3386.4,2,3386.8
IF1502,13:11:27,600,3386.6,256540,7,3386.6,2,3386.8
IF1502,13:11:28,100,3386.4,256552,1,3386.4,2,3386.8
IF1502,13:11:28,600,3386.6,256557,2,3386.6,6,3386.8
IF1502,13:11:29,100,3386.6,256562,5,3386.4,2,3386.6
IF1502,13:11:29,600,3386.4,256568,7,3386.4,3,3386.6
IF1502,13:11:30,100,3386.8,256573,1,3386.8,4,3387
IF1502,13:11:30,600,3387,256580,1,3386.8,2,3387
IF1502,13:11:31,100,3387.2,256590,4,3386.6,1,3387.2
IF1502,13:11:31,600,3387,256596,3,3386.8,1,3387
IF1502,13:11:32,100,3386.6,256604,8,3386.4,3,3386.8
IF1502,13:11:32,600,3386.6,256609,9,3386.4,1,3386.6
IF1502,13:11:33,100,3386.6,256628,3,3386.2,2,3386.6
IF1502,13:11:33,600,3386.2,256632,8,3386,1,3386.2
IF1502,13:11:34,100,3386,256634,6,3386,3,3386.2
IF1502,13:11:34,600,3385.8,256644,14,3385.8,53,3386
IF1502,13:11:35,100,3385.4,256665,7,3385.2,51,3385.8
IF1502,13:11:35,600,3384.4,256790,31,3384.2,1,3384.8
IF1502,13:11:36,100,3384.2,256804,17,3384.2,5,3384.4
IF1502,13:11:36,600,3384.4,256822,3,3384.2,4,3384.4
IF1502,13:11:37,100,3384.4,256840,14,3384,58,3385.4
IF1502,13:11:37,600,3385.2,256851,2,3384.2,58,3385.4
IF1502,13:11:38,100,3384.4,256861,1,3384.2,1,3385.2
IF1502,13:11:38,600,3385,256870,2,3384.2,1,3384.6
IF1502,13:11:39,100,3384.4,256873,3,3384.6,2,3385
IF1502,13:11:39,600,3384.4,256884,3,3384.4,1,3384.6
IF1502,13:11:40,100,3384.8,256895,7,3384.4,1,3384.6
IF1502,13:11:40,600,3384.4,256907,4,3384.2,2,3384.6
IF1502,13:11:41,100,3384,256913,15,3384,1,3384.4
IF1502,13:11:41,600,3384,256918,15,3384,3,3384.2
IF1502,13:11:42,100,3384.2,256926,11,3384,3,3384.4
IF1502,13:11:42,600,3384,256930,9,3384,4,3384.2
IF1502,13:11:43,100,3384,256937,2,3384,3,3384.2
IF1502,13:11:43,600,3384,256941,10,3383.8,2,3384.2
IF1502,13:11:44,100,3384,256957,3,3383.6,3,3383.8
IF1502,13:11:44,600,3383.2,256973,2,3383.2,1,3383.4
IF1502,13:11:45,100,3383.2,256983,12,3383,7,3383.2
IF1502,13:11:45,600,3383.2,256992,9,3383,6,3383.2
IF1502,13:11:46,100,3382.6,257008,1,3382.6,2,3382.8
IF1502,13:11:46,600,3382.8,257025,3,3382.4,4,3382.6
IF1502,13:11:47,100,3382.6,257026,2,3382.4,10,3382.6
IF1502,13:11:47,600,3382.2,257036,3,3382.2,56,3382.4
IF1502,13:11:48,100,3381.6,257070,2,3381.6,7,3382.2
IF1502,13:11:48,600,3381.2,257095,8,3381,1,3381.4
IF1502,13:11:49,100,3381.2,257121,1,3380.2,40,3381.2
IF1502,13:11:49,600,3380,257136,15,3380,1,3380.2
IF1502,13:11:50,100,3378.6,257185,1,3378.4,2,3378.6
IF1502,13:11:50,600,3376.6,257236,1,3376.8,2,3377.2
IF1502,13:11:51,100,3375.6,257262,1,3375.6,8,3376
IF1502,13:11:51,600,3375.6,257328,47,3375.4,5,3375.6
IF1502,13:11:52,100,3376.2,257373,34,3376.2,4,3376.6
IF1502,13:11:52,600,3377.6,257417,4,3377.4,6,3377.6
IF1502,13:11:53,100,3378.4,257475,14,3378.2,8,3378.4
IF1502,13:11:53,600,3379.6,257506,48,3379,1,3379.8
IF1502,13:11:54,100,3380,257526,8,3380,1,3380.2
IF1502,13:11:54,600,3380.6,257578,1,3380.2,2,3380.4
IF1502,13:11:55,100,3380.2,257598,8,3380,2,3380.2
IF1502,13:11:55,600,3380.2,257618,58,3380.2,5,3380.4
IF1502,13:11:56,100,3380.8,257635,52,3380.2,1,3380.8
IF1502,13:11:56,600,3381,257650,1,3380.8,5,3381
IF1502,13:11:57,100,3381,257662,4,3380.6,3,3380.8
IF1502,13:11:57,600,3381,257682,1,3380.8,7,3381.2
IF1502,13:11:58,100,3381,257716,4,3380.6,3,3381.2
IF1502,13:11:58,600,3380.4,257728,52,3380.2,1,3380.4
IF1502,13:11:59,100,3380.2,257774,41,3380.2,3,3380.6
IF1502,13:11:59,600,3378.8,257849,4,3377.6,1,3377.8
IF1502,13:12:00,100,3378.2,257860,2,3377.6,48,3379.2
IF1502,13:12:00,600,3377.8,257873,2,3378.2,1,3378.4
IF1502,13:12:01,100,3378.2,257902,8,3378.2,54,3378.6
IF1502,13:12:01,600,3377.2,257928,5,3377.2,1,3377.6
IF1502,13:12:02,100,3377.4,257946,3,3377.4,2,3377.6
IF1502,13:12:02,600,3376.6,257971,1,3376.6,35,3377.4
IF1502,13:12:03,100,3376.2,257981,1,3376.2,1,3376.4
IF1502,13:12:03,600,3376.8,258004,2,3377.2,16,3377.4
IF1502,13:12:04,100,3377.2,258021,43,3376.6,3,3377.2
IF1502,13:12:04,600,3377.4,258049,1,3377.4,1,3377.6
IF1502,13:12:05,100,3377.2,258113,13,3377.2,15,3378.2
IF1502,13:12:05,600,3378.8,258139,26,3378.2,1,3378.8
IF1502,13:12:06,100,3379,258143,5,3379,1,3379.2
IF1502,13:12:06,600,3379,258157,3,3379,53,3379.4
IF1502,13:12:07,100,3378,258213,2,3378,36,3378.2
IF1502,13:12:07,600,3377.4,258224,3,3377,4,3377.4
IF1502,13:12:08,100,3377.6,258240,1,3377.6,1,3378
IF1502,13:12:08,600,3378,258263,2,3378,1,3378.2
IF1502,13:12:09,100,3378.4,258276,1,3378.2,1,3378.4
IF1502,13:12:09,600,3379.6,258296,33,3379.2,2,3379.6
IF1502,13:12:10,100,3378.4,258345,2,3379.2,2,3379.6
IF1502,13:12:10,600,3379.6,258473,2,3379.2,17,3380.4
IF1502,13:12:11,100,3378.2,258490,1,3378,1,3378.2
IF1502,13:12:11,600,3378.6,258503,3,3378.2,3,3378.4
IF1502,13:12:12,100,3377.6,258529,1,3377.2,2,3377.6
IF1502,13:12:12,600,3377,258536,1,3377.2,4,3377.4
IF1502,13:12:13,100,3376.8,258556,1,3376.8,43,3377.2
IF1502,13:12:13,600,3376.4,258567,2,3376.2,1,3376.4
IF1502,13:12:14,100,3375.8,258580,3,3375.8,1,3376
IF1502,13:12:14,600,3375.8,258594,3,3375.2,3,3375.4
IF1502,13:12:15,100,3375.4,258618,1,3375.2,3,3375.4
IF1502,13:12:15,600,3375.8,258662,28,3375.2,4,3375.8
IF1502,13:12:16,100,3375.8,258674,3,3375.2,6,3375.8
IF1502,13:12:16,600,3375,258711,11,3375,28,3375.4
IF1502,13:12:17,100,3372.8,258793,1,3372.6,2,3373
IF1502,13:12:17,600,3372.4,258833,1,3371.6,2,3371.8
IF1502,13:12:18,100,3372.4,258909,6,3372.2,8,3372.4
IF1502,13:12:18,600,3372,258935,8,3372.4,5,3372.6
IF1502,13:12:19,100,3373.4,258979,8,3373.4,12,3374
IF1502,13:12:19,600,3375.4,259027,4,3375.2,4,3375.6
IF1502,13:12:20,100,3375.4,259055,3,3375.2,8,3375.4
IF1502,13:12:20,600,3375.2,259069,2,3375.2,4,3375.4
IF1502,13:12:21,100,3375,259075,3,3375,7,3375.2
IF1502,13:12:21,600,3375.4,259092,1,3375.4,7,3375.6
IF1502,13:12:22,100,3375.2,259109,3,3375.2,2,3375.4
IF1502,13:12:22,600,3375.8,259127,1,3375.4,5,3375.8
IF1502,13:12:23,100,3376.8,259158,51,3376,3,3376.8
IF1502,13:12:23,600,3376.6,259175,6,3376.4,1,3376.6
IF1502,13:12:24,100,3377,259185,1,3377,11,3377.2
IF1502,13:12:24,600,3376.8,259226,4,3376.8,3,3377.2
IF1502,13:12:25,100,3376.8,259241,6,3376.8,6,3377.2
IF1502,13:12:25,600,3376.8,259243,1,3376.6,8,3376.8
IF1502,13:12:26,100,3376.2,259252,14,3376.2,5,3376.4
IF1502,13:12:26,600,3375.4,259286,6,3375.2,2,3375.4
IF1502,13:12:27,100,3375.2,259303,3,3375,6,3375.2
IF1502,13:12:27,600,3375,259306,1,3375,12,3375.2
IF1502,13:12:28,100,3374.8,259318,6,3374.6,3,3374.8
IF1502,13:12:28,600,3374.4,259361,38,3374.2,10,3374.4
IF1502,13:12:29,100,3374.6,259385,31,3374.4,30,3374.6
IF1502,13:12:29,600,3375.2,259427,16,3374.8,3,3375.2
IF1502,13:12:30,100,3375.6,259452,30,3375.2,1,3375.6
IF1502,13:12:30,600,3375.4,259498,6,3376.2,4,3376.4
IF1502,13:12:31,100,3376.4,259504,6,3376.2,35,3376.6
IF1502,13:12:31,600,3374.8,259519,2,3375.6,4,3376
IF1502,13:12:32,100,3376,259539,2,3376.2,1,3376.4
IF1502,13:12:32,600,3376.2,259557,6,3375.6,6,3376
IF1502,13:12:33,100,3376.2,259575,3,3375.8,30,3376.2
IF1502,13:12:33,600,3375.8,259583,4,3375.6,5,3375.8
IF1502,13:12:34,100,3375.4,259608,2,3375.4,2,3375.6
IF1502,13:12:34,600,3375,259619,10,3374.6,6,3375
IF1502,13:12:35,100,3375.2,259639,6,3374.8,10,3375.2
IF1502,13:12:35,600,3374.8,259648,4,3374.8,2,3375
IF1502,13:12:36,100,3375,259658,10,3374.6,2,3375
IF1502,13:12:36,600,3374.6,259666,3,3374.6,38,3375
IF1502,13:12:37,100,3373.8,259684,4,3373.6,4,3373.8
IF1502,13:12:37,600,3373.6,259693,4,3373.4,9,3373.6
IF1502,13:12:38,100,3373.2,259707,9,3373,2,3373.2
IF1502,13:12:38,600,3373.2,259720,16,3373.2,4,3373.4
IF1502,13:12:39,100,3373.8,259800,2,3374.4,1,3374.6
IF1502,13:12:39,600,3374.4,259819,8,3374,7,3374.4
IF1502,13:12:40,100,3374,259846,21,3373.8,1,3374
IF1502,13:12:40,600,3373.8,259863,5,3373.8,4,3374
IF1502,13:12:41,100,3373.4,259889,10,3373.4,7,3373.6
IF1502,13:12:41,600,3373,259915,3,3373,54,3373.6
IF1502,13:12:42,100,3371.4,259982,1,3371.4,5,3372
IF1502,13:12:42,600,3371.2,260021,86,3371,52,3371.2
IF1502,13:12:43,100,3370.2,260119,4,3370.2,2,3370.4
IF1502,13:12:43,600,3370.2,260141,4,3370.2,1,3370.4
IF1502,13:12:44,100,3371,260168,1,3371,1,3371.2
IF1502,13:12:44,600,3373,260227,2,3373,7,3373.2
IF1502,13:12:45,100,3372.6,260249,4,3372.4,5,3372.8
IF1502,13:12:45,600,3372.2,260274,2,3371.8,1,3372.4
IF1502,13:12:46,100,3371.2,260305,9,3370.8,2,3371
IF1502,13:12:46,600,3370.4,260331,23,3370,1,3370.8
IF1502,13:12:47,100,3369.6,260369,2,3369.6,2,3369.8
IF1502,13:12:47,600,3369.2,260430,2,3369.2,1,3369.4
IF1502,13:12:48,100,3369.8,260466,22,3369.8,4,3370
IF1502,13:12:48,600,3370.4,260491,18,3369.8,6,3370.4
IF1502,13:12:49,100,3370.8,260519,1,3370.4,8,3370.8
IF1502,13:12:49,600,3371,260533,5,3371,8,3371.2
IF1502,13:12:50,100,3371,260538,6,3371,11,3371.2
IF1502,13:12:50,600,3370,260582,3,3370,2,3370.2
IF1502,13:12:51,100,3370,260705,19,3370,4,3370.2
IF1502,13:12:51,600,3370.2,260724,6,3370.2,5,3370.4
IF1502,13:12:52,100,3370,260750,11,3370,40,3370.6
IF1502,13:12:52,600,3370,260773,4,3369.6,4,3369.8
IF1502,13:12:53,100,3370.4,260829,8,3369.8,7,3370
IF1502,13:12:53,600,3369.8,260859,10,3369.4,52,3369.8
IF1502,13:12:54,100,3368.4,260892,2,3368.2,1,3368.4
IF1502,13:12:54,600,3368,260907,10,3368,10,3368.2
IF1502,13:12:55,100,3369,260941,3,3368.6,6,3369
IF1502,13:12:55,600,3369.2,260957,4,3369,2,3369.2
IF1502,13:12:56,100,3369.6,260988,1,3369.6,3,3369.8
IF1502,13:12:56,600,3370.2,261051,2,3370.6,6,3371
IF1502,13:12:57,100,3371.8,261096,50,3370.8,2,3371.8
IF1502,13:12:57,600,3372.6,261131,19,3372.6,18,3373
IF1502,13:12:58,100,3373.6,261163,11,3373.2,10,3373.6
IF1502,13:12:58,600,3373.8,261192,3,3373.6,24,3373.8
IF1502,13:12:59,100,3374.6,261237,20,3374,8,3374.8
IF1502,13:12:59,600,3375.4,261267,45,3374.8,28,3375.4
IF1502,13:13:00,100,3375.6,261307,4,3375.4,9,3375.6
IF1502,13:13:00,600,3376.2,261346,49,3375.6,16,3376.2
IF1502,13:13:01,100,3375.6,261371,13,3375.6,9,3376
IF1502,13:13:01,600,3376.2,261422,6,3376.2,9,3376.4
IF1502,13:13:02,100,3375.8,261440,14,3375.6,2,3375.8
IF1502,13:13:02,600,3375.8,261458,13,3375.6,6,3376
IF1502,13:13:03,100,3376.2,261484,56,3375.6,7,3376.2
IF1502,13:13:03,600,3376.8,261540,16,3376.6,2,3376.8
IF1502,13:13:04,100,3377.2,261559,4,3376.8,11,3377.2
IF1502,13:13:04,600,3377.4,261578,2,3377,23,3377.4
IF1502,13:13:05,100,3377.8,261607,3,3377.6,1,3377.8
IF1502,13:13:05,600,3378.2,261624,6,3378,4,3378.2
IF1502,13:13:06,100,3378,261645,57,3377.8,9,3378
IF1502,13:13:06,600,3378.4,261664,2,3378.4,6,3378.6
IF1502,13:13:07,100,3377.8,261691,49,3377.8,4,3378
IF1502,13:13:07,600,3377.8,261721,31,3377.8,1,3378
IF1502,13:13:08,100,3377,261821,4,3377,17,3377.6
IF1502,13:13:08,600,3376.4,261864,7,3376.4,2,3376.6
IF1502,13:13:09,100,3376.4,261876,4,3376.2,5,3376.4
IF1502,13:13:09,600,3376.4,261880,4,3376.2,3,3376.4
IF1502,13:13:10,100,3376.2,261912,58,3376,4,3376.2
IF1502,13:13:10,600,3376.4,261937,28,3376.4,3,3376.8
IF1502,13:13:11,100,3375.2,262038,3,3375.2,1,3375.4
IF1502,13:13:11,600,3374.6,262054,5,3374.4,4,3374.6
IF1502,13:13:12,100,3373.6,262089,40,3373.6,45,3374.2
IF1502,13:13:12,600,3373.2,262154,9,3373,1,3373.2
IF1502,13:13:13,100,3371.8,262236,6,3371.4,2,3371.6
IF1502,13:13:13,600,3369.8,262281,50,3369.8,4,3370.2
IF1502,13:13:14,100,3369.8,262295,39,3369.8,9,3370
IF1502,13:13:14,600,3369.8,262309,36,3369.8,9,3370.2
IF1502,13:13:15,100,3369.8,262324,1,3370,2,3370.6
IF1502,13:13:15,600,3373,262347,5,3372.8,15,3373
IF1502,13:13:16,100,3372.6,262378,1,3372.6,2,3372.8
IF1502,13:13:16,600,3373,262387,8,3372.8,6,3373
IF1502,13:13:17,100,3373.4,262403,3,3373.2,6,3373.4
IF1502,13:13:17,600,3373.6,262412,6,3373.4,4,3373.6
IF1502,13:13:18,100,3373,262433,1,3373,37,3373.4
IF1502,13:13:18,600,3371.4,262464,4,3371.2,1,3371.4
IF1502,13:13:19,100,3371,262474,2,3371,2,3371.2
IF1502,13:13:19,600,3370.6,262491,12,3370.6,1,3370.8
IF1502,13:13:20,100,3371,262518,2,3370.8,1,3371
IF1502,13:13:20,600,3371.2,262536,6,3370.8,1,3371.2
IF1502,13:13:21,100,3372,262560,38,3371.4,1,3372
IF1502,13:13:21,600,3371.6,262571,11,3371.2,5,3371.6
IF1502,13:13:22,100,3371.6,262580,10,3371.2,3,3371.6
IF1502,13:13:22,600,3371.8,262599,4,3371.8,1,3372
IF1502,13:13:23,100,3372.2,262608,3,3371.8,2,3372.2
IF1502,13:13:23,600,3372.4,262613,1,3372,3,3372.2
IF1502,13:13:24,100,3373.2,262643,6,3373.6,6,3373.8
IF1502,13:13:24,600,3373.8,262664,1,3373.8,7,3374
IF1502,13:13:25,100,3374.2,262681,3,3374,3,3374.4
IF1502,13:13:25,600,3374.8,262695,5,3374.8,2,3375
IF1502,13:13:26,100,3375.4,262710,6,3375.2,2,3375.6
IF1502,13:13:26,600,3375.6,262724,2,3375.4,6,3376
IF1502,13:13:27,100,3375.6,262730,3,3375.6,7,3376
IF1502,13:13:27,600,3375.6,262749,5,3375.4,4,3375.8
IF1502,13:13:28,100,3375.4,262776,2,3374.8,50,3375.4
IF1502,13:13:28,600,3374.8,262797,2,3374.6,4,3374.8
IF1502,13:13:29,100,3374.8,262808,4,3374.4,3,3374.8
IF1502,13:13:29,600,3374.8,262812,2,3374.4,3,3374.8
IF1502,13:13:30,100,3374.6,262825,64,3374.2,9,3375
IF1502,13:13:30,600,3374.8,262844,1,3374.6,4,3374.8
IF1502,13:13:31,100,3374.8,262853,5,3374.4,5,3374.8
IF1502,13:13:31,600,3374.8,262859,11,3374.6,14,3375
IF1502,13:13:32,100,3375,262868,6,3374.4,10,3374.6
IF1502,13:13:32,600,3374,262887,4,3374,1,3374.2
IF1502,13:13:33,100,3373.8,262893,8,3373.6,4,3374
IF1502,13:13:33,600,3373.6,262900,1,3373.6,6,3373.8
IF1502,13:13:34,100,3374,262916,53,3373.6,2,3374
IF1502,13:13:34,600,3374.8,262934,44,3374.4,1,3374.8
IF1502,13:13:35,100,3375.2,262949,1,3374.6,8,3374.8
IF1502,13:13:35,600,3374,262970,18,3374,30,3374.8
IF1502,13:13:36,100,3374,262992,1,3374,53,3374.6
IF1502,13:13:36,600,3372.6,263027,7,3372.4,1,3372.8
IF1502,13:13:37,100,3372.4,263035,2,3372.6,4,3372.8
IF1502,13:13:37,600,3372.8,263051,20,3372.8,9,3373
IF1502,13:13:38,100,3373.2,263072,5,3373.2,2,3373.4
IF1502,13:13:38,600,3374.4,263095,2,3374,4,3374.4
IF1502,13:13:39,100,3373.8,263111,4,3373.8,6,3374
IF1502,13:13:39,600,3374.6,263130,2,3374.6,11,3374.8
IF1502,13:13:40,100,3373.6,263138,5,3373.6,5,3373.8
IF1502,13:13:40,600,3374.6,263157,6,3374.6,10,3374.8
IF1502,13:13:41,100,3374.4,263169,1,3374.2,5,3374.4
IF1502,13:13:41,600,3374.6,263175,5,3374.4,4,3374.6
IF1502,13:13:42,100,3374.8,263181,6,3374.4,9,3374.8
IF1502,13:13:42,600,3374.4,263190,12,3374.2,2,3374.6
IF1502,13:13:43,100,3374.8,263207,54,3374.2,11,3374.8
IF1502,13:13:43,600,3374.8,263225,1,3374.4,1,3374.6
IF1502,13:13:44,100,3374.6,263235,3,3374.2,5,3374.6
IF1502,13:13:44,600,3374,263244,18,3374,18,3374.4
IF1502,13:13:45,100,3374.2,263253,5,3374,8,3374.2
IF1502,13:13:45,600,3374.2,263265,3,3374.2,16,3374.4
IF1502,13:13:46,100,3374.4,263269,6,3374,15,3374.4
IF1502,13:13:46,600,3374,263273,3,3374,8,3374.2
IF1502,13:13:47,100,3374.2,263280,11,3374,24,3374.4
IF1502,13:13:47,600,3374.4,263281,1,3374.2,21,3374.4
IF1502,13:13:48,100,3374,263290,8,3373.8,4,3374
IF1502,13:13:48,600,3374,263294,8,3373.8,4,3374
IF1502,13:13:49,100,3373.8,263297,10,3373.8,2,3374
IF1502,13:13:49,600,3373.6,263328,26,3373.6,1,3373.8
IF1502,13:13:50,100,3373.6,263352,3,3373.6,59,3374
IF1502,13:13:50,600,3373,263372,6,3373,4,3373.2
IF1502,13:13:51,100,3373.2,263379,3,3373,4,3373.2
IF1502,13:13:51,600,3373.2,263390,52,3373,6,3373.2
IF1502,13:13:52,100,3373,263405,39,3373,2,3373.2
IF1502,13:13:52,600,3373,263424,23,3373,54,3373.2
IF1502,13:13:53,100,3373,263449,19,3372.8,52,3373.2
IF1502,13:13:53,600,3372.8,263474,7,3372.6,60,3373
IF1502,13:13:54,100,3371.8,263505,1,3371.8,44,3372.4
IF1502,13:13:54,600,3371.8,263514,7,3371.6,2,3372
IF1502,13:13:55,100,3372,263522,3,3371.8,1,3372
IF1502,13:13:55,600,3371.6,263543,8,3371.4,3,3371.6
IF1502,13:13:56,100,3371,263569,8,3371,1,3371.2
IF1502,13:13:56,600,3370.4,263598,9,3370,2,3370.4
IF1502,13:13:57,100,3370,263614,17,3369.8,24,3370
IF1502,13:13:57,600,3370,263627,12,3369.8,32,3370
IF1502,13:13:58,100,3369.8,263638,7,3369.8,29,3370
IF1502,13:13:58,600,3370,263657,6,3369.8,29,3370
IF1502,13:13:59,100,3370,263722,1,3369.8,10,3370
IF1502,13:13:59,600,3372.6,263791,1,3372.6,4,3372.8
IF1502,13:14:00,100,3373,263802,7,3373,8,3373.2
IF1502,13:14:00,600,3373.6,263821,4,3373.2,11,3373.6
IF1502,13:14:01,100,3373.4,263849,1,3373.2,4,3373.4
IF1502,13:14:01,600,3374.4,263886,4,3374,11,3374.4
IF1502,13:14:02,100,3373.4,263903,11,3373,7,3373.2
IF1502,13:14:02,600,3373,263919,2,3373,4,3373.2
IF1502,13:14:03,100,3373,263932,2,3372.6,4,3372.8
IF1502,13:14:03,600,3371.6,263984,1,3371.4,2,3371.6
IF1502,13:14:04,100,3371,264001,1,3370.8,1,3371
IF1502,13:14:04,600,3370.8,264004,6,3370.6,2,3370.8
IF1502,13:14:05,100,3371.2,264026,1,3370.6,1,3371.2
IF1502,13:14:05,600,3371.6,264037,1,3371.6,3,3371.8
IF1502,13:14:06,100,3372.2,264075,1,3371.8,1,3372.2
IF1502,13:14:06,600,3373,264094,49,3372.4,1,3373
IF1502,13:14:07,100,3373.2,264108,4,3373,6,3373.2
IF1502,13:14:07,600,3373.2,264116,9,3373.2,5,3373.4
IF1502,13:14:08,100,3373.4,264121,6,3373.2,3,3373.4
IF1502,13:14:08,600,3372.6,264135,1,3372.6,6,3372.8
IF1502,13:14:09,100,3372.8,264141,6,3372.6,7,3373
IF1502,13:14:09,600,3373,264149,6,3372.8,6,3373
IF1502,13:14:10,100,3373.2,264165,6,3373.2,8,3373.4
IF1502,13:14:10,600,3373.6,264178,37,3373,3,3373.6
IF1502,13:14:11,100,3374,264193,5,3373.8,4,3374
IF1502,13:14:11,600,3373.8,264202,9,3373.8,8,3374.2
IF1502,13:14:12,100,3374.4,264221,2,3374.4,9,3374.6
IF1502,13:14:12,600,3374.6,264229,10,3374.2,6,3374.6
IF1502,13:14:13,100,3374.4,264247,1,3374.2,11,3374.8
IF1502,13:14:13,600,3374.2,264257,4,3374.2,1,3374.4
IF1502,13:14:14,100,3374.6,264261,7,3374.4,4,3374.6
IF1502,13:14:14,600,3373.8,264276,5,3373.8,4,3374.2
IF1502,13:14:15,100,3374,264293,6,3373.4,38,3374
IF1502,13:14:15,600,3373.8,264315,6,3373.6,8,3374
IF1502,13:14:16,100,3372.6,264338,1,3372.6,41,3373.2
IF1502,13:14:16,600,3373,264343,4,3372.6,9,3372.8
IF1502,13:14:17,100,3372.2,264380,2,3372,2,3372.4
IF1502,13:14:17,600,3371.6,264394,1,3371.2,2,3371.6
IF1502,13:14:18,100,3371.6,264398,6,3371.4,2,3371.6
IF1502,13:14:18,600,3371,264435,2,3370.6,36,3371
IF1502,13:14:19,100,3370.4,264454,11,3370,4,3370.2
IF1502,13:14:19,600,3370,264465,2,3370.2,2,3370.4
IF1502,13:14:20,100,3370.4,264478,3,3370.4,6,3370.6
IF1502,13:14:20,600,3370.2,264495,8,3370,4,3370.2
IF1502,13:14:21,100,3370.6,264515,1,3370.6,3,3370.8
IF1502,13:14:21,600,3370.6,264519,3,3370.4,5,3370.6
IF1502,13:14:22,100,3370.6,264530,5,3370.8,33,3371
IF1502,13:14:22,600,3371,264565,4,3371,7,3371.2
IF1502,13:14:23,100,3372,264598,47,3371.8,1,3372
IF1502,13:14:23,600,3373,264607,4,3372.8,11,3373.2
IF1502,13:14:24,100,3373.6,264635,1,3373.6,2,3374
IF1502,13:14:24,600,3374.6,264657,8,3374.2,7,3374.6
IF1502,13:14:25,100,3374,264671,7,3373.6,3,3374
IF1502,13:14:25,600,3373.6,264680,2,3373.6,35,3374
IF1502,13:14:26,100,3372.8,264707,7,3372.6,2,3373
IF1502,13:14:26,600,3371.6,264729,1,3371.6,4,3371.8
IF1502,13:14:27,100,3372.2,264740,1,3372.2,3,3372.6
IF1502,13:14:27,600,3372.6,264745,8,3372.2,6,3372.6
IF1502,13:14:28,100,3373,264762,60,3372.2,1,3373.2
IF1502,13:14:28,600,3373,264771,4,3372.8,5,3373
IF1502,13:14:29,100,3373,264773,8,3372.8,2,3373
IF1502,13:14:29,600,3372.6,264784,4,3372.6,6,3372.8
IF1502,13:14:30,100,3372.2,264796,1,3372.2,1,3372.4
IF1502,13:14:30,600,3371.6,264816,1,3371.6,30,3372
IF1502,13:14:31,100,3371,264836,7,3370.8,8,3371.2
IF1502,13:14:31,600,3370.8,264840,11,3370.8,2,3371
IF1502,13:14:32,100,3371.4,264857,4,3371.6,1,3371.8
IF1502,13:14:32,600,3372.6,264872,3,3372.2,1,3372.6
IF1502,13:14:33,100,3372.6,264874,2,3372.6,6,3372.8
IF1502,13:14:33,600,3371.8,264891,1,3371.8,55,3372
IF1502,13:14:34,100,3371.8,264895,8,3371.6,2,3372
IF1502,13:14:34,600,3372,264904,2,3372,3,3372.2
IF1502,13:14:35,100,3372,264908,13,3371.8,1,3372
IF1502,13:14:35,600,3371.8,264911,11,3371.8,2,3372
IF1502,13:14:36,100,3372.2,264915,11,3371.8,2,3372.2
IF1502,13:14:36,600,3371.8,264924,14,3371.8,2,3372.2
IF1502,13:14:37,100,3371.8,264929,13,3371.8,4,3372.4
IF1502,13:14:37,600,3372.2,264930,13,3372,1,3372.2
IF1502,13:14:38,100,3372.4,264943,10,3372,2,3372.2
IF1502,13:14:38,600,3372.2,264945,2,3372.2,4,3372.4
IF1502,13:14:39,100,3372.2,264950,8,3372.2,6,3372.4
IF1502,13:14:39,600,3371.8,264979,12,3371.8,21,3372
IF1502,13:14:40,100,3372,264991,4,3371.8,2,3372
IF1502,13:14:40,600,3372,265002,1,3372,2,3372.2
IF1502,13:14:41,100,3372.6,265012,1,3372.4,3,3372.8
IF1502,13:14:41,600,3372.6,265018,2,3372.6,6,3373
IF1502,13:14:42,100,3373,265027,1,3372.8,13,3373.2
IF1502,13:14:42,600,3373,265031,3,3373,10,3373.2
IF1502,13:14:43,100,3373,265031,6,3373,10,3373.2
IF1502,13:14:43,600,3373.2,265037,2,3373,2,3373.2
IF1502,13:14:44,100,3372.6,265048,8,3372.6,1,3372.8
IF1502,13:14:44,600,3372.4,265069,1,3372.4,35,3373
IF1502,13:14:45,100,3371.8,265080,1,3371.8,33,3372
IF1502,13:14:45,600,3371.4,265098,20,3371.4,4,3371.8
IF1502,13:14:46,100,3372.4,265104,11,3372,1,3372.4
IF1502,13:14:46,600,3371.8,265117,1,3371.8,53,3372.2
IF1502,13:14:47,100,3372.6,265123,1,3372.4,6,3372.8
IF1502,13:14:47,600,3372.4,265126,4,3372.4,2,3372.6
IF1502,13:14:48,100,3372.2,265140,1,3372.2,35,3372.6
IF1502,13:14:48,600,3371.8,265145,1,3371.6,1,3372
IF1502,13:14:49,100,3372,265154,1,3371.8,2,3372
IF1502,13:14:49,600,3372.2,265158,3,3371.8,1,3372
IF1502,13:14:50,100,3372.4,265168,3,3372.6,2,3372.8
IF1502,13:14:50,600,3371.4,265191,1,3371.6,3,3372
IF1502,13:14:51,100,3371.6,265196,1,3371.6,8,3372
IF1502,13:14:51,600,3371.4,265206,7,3371.4,51,3371.8
IF1502,13:14:52,100,3371.2,265213,6,3371.2,1,3371.4
IF1502,13:14:52,600,3371.6,265222,1,3371.6,1,3371.8
IF1502,13:14:53,100,3371.2,265229,17,3371,8,3371.4
IF1502,13:14:53,600,3371,265235,13,3371,37,3371.4
IF1502,13:14:54,100,3371.4,265249,2,3371.2,2,3371.4
IF1502,13:14:54,600,3371.4,265260,8,3371.4,3,3371.6
IF1502,13:14:55,100,3371.6,265261,8,3371.4,7,3371.6
IF1502,13:14:55,600,3371.4,265276,2,3371.4,6,3371.6
IF1502,13:14:56,100,3371.2,265281,4,3371.2,4,3371.4
IF1502,13:14:56,600,3371.4,265286,11,3371.2,2,3371.4
IF1502,13:14:57,100,3371.4,265292,11,3371.2,3,3371.6
IF1502,13:14:57,600,3371.2,265297,8,3371.2,2,3371.4
IF1502,13:14:58,100,3371.6,265330,1,3371.2,55,3372.2
IF1502,13:14:58,600,3371,265354,6,3371.2,50,3371.6
IF1502,13:14:59,100,3370.6,265369,34,3370.6,1,3371.2
IF1502,13:14:59,600,3370.6,265376,34,3370.6,2,3370.8
IF1502,13:15:00,100,3370.6,265384,28,3370.6,3,3370.8
IF1502,13:15:00,600,3370.2,265437,20,3370,23,3370.4
IF1502,13:15:01,100,3369.6,265477,8,3369.6,55,3370
IF1502,13:15:01,600,3369.8,265502,1,3369.4,2,3370
IF1502,13:15:02,100,3370.2,265526,36,3369.6,3,3370.6
IF1502,13:15:02,600,3373,265554,1,3372.6,2,3373
IF1502,13:15:03,100,3373.6,265579,1,3373.2,3,3373.6
IF1502,13:15:03,600,3374.2,265596,2,3374,4,3374.2
IF1502,13:15:04,100,3374.6,265617,3,3374.4,4,3374.8
IF1502,13:15:04,600,3375.2,265629,2,3375,1,3375.2
IF1502,13:15:05,100,3376,265657,2,3375.8,1,3376
IF1502,13:15:05,600,3376,265665,4,3375.8,4,3376.2
IF1502,13:15:06,100,3375.8,265679,4,3375.8,6,3376
IF1502,13:15:06,600,3376,265703,4,3375.8,1,3376.2
IF1502,13:15:07,100,3377.4,265720,3,3377,1,3377.4
IF1502,13:15:07,600,3379,265751,6,3378.8,101,3379
IF1502,13:15:08,100,3379.2,265868,4,3379,11,3379.4
IF1502,13:15:08,600,3380,265898,3,3380,2,3380.2
IF1502,13:15:09,100,3381,265925,7,3381,1,3381.2
IF1502,13:15:09,600,3382,265954,39,3382,5,3382.2
IF1502,13:15:10,100,3382.6,265987,6,3382.6,1,3382.8
IF1502,13:15:10,600,3382.2,266050,14,3381.8,1,3382.2
IF1502,13:15:11,100,3381.2,266085,1,3381.2,2,3381.6
IF1502,13:15:11,600,3380.2,266126,2,3380.2,6,3380.4
IF1502,13:15:12,100,3380,266136,1,3380,4,3380.2
IF1502,13:15:12,600,3380.4,266168,7,3380.4,8,3380.6
IF1502,13:15:13,100,3380.6,266219,5,3380.8,11,3381.2
IF1502,13:15:13,600,3381,266232,6,3381,5,3381.2
IF1502,13:15:14,100,3381.2,266253,13,3381.2,11,3381.4
IF1502,13:15:14,600,3381.6,266266,16,3381.2,3,3381.4
IF1502,13:15:15,100,3381,266291,6,3380.8,2,3381.4
IF1502,13:15:15,600,3380.4,266328,15,3380.4,2,3380.8
IF1502,13:15:16,100,3378.6,266383,6,3378.6,2,3379.2
IF1502,13:15:16,600,3379.4,266399,8,3380,5,3380.2
IF1502,13:15:17,100,3379.8,266420,1,3379.4,6,3379.6
IF1502,13:15:17,600,3379.6,266429,5,3379.6,1,3379.8
IF1502,13:15:18,100,3380.4,266467,20,3380,5,3380.4
IF1502,13:15:18,600,3380.8,266479,7,3380.8,1,3381
IF1502,13:15:19,100,3381,266481,4,3380.8,8,3381
IF1502,13:15:19,600,3381,266504,1,3380.8,14,3381
IF1502,13:15:20,100,3380.2,266529,10,3380.2,5,3380.6
IF1502,13:15:20,600,3380.8,266540,6,3380.2,5,3380.6
IF1502,13:15:21,100,3380.8,266569,6,3380.4,1,3381
IF1502,13:15:21,600,3380.4,266578,11,3380,6,3380.2
IF1502,13:15:22,100,3380,266589,4,3380,1,3380.2
IF1502,13:15:22,600,3380.8,266606,2,3380.8,2,3381
IF1502,13:15:23,100,3380.6,266622,13,3380.2,3,3380.6
IF1502,13:15:23,600,3380.2,266634,3,3380.2,6,3380.4
IF1502,13:15:24,100,3380.2,266641,3,3380.2,1,3380.4
IF1502,13:15:24,600,3380.8,266658,3,3380.6,2,3380.8
IF1502,13:15:25,100,3380.8,266677,6,3380.6,5,3380.8
IF1502,13:15:25,600,3380.8,266684,8,3381,9,3381.2
IF1502,13:15:26,100,3381.4,266696,2,3381.2,7,3381.4
IF1502,13:15:26,600,3381.8,266711,6,3381.6,14,3381.8
IF1502,13:15:27,100,3382.6,266745,3,3382.6,1,3382.8
IF1502,13:15:27,600,3383.2,266760,10,3383.2,5,3383.4
IF1502,13:15:28,100,3384.4,266783,6,3384.2,4,3384.4
IF1502,13:15:28,600,3384.8,266800,2,3384.6,4,3384.8
IF1502,13:15:29,100,3385,266832,57,3385,4,3385.4
IF1502,13:15:29,600,3385.6,266858,1,3385.4,6,3385.8
IF1502,13:15:30,100,3386,266876,1,3386,6,3386.2
IF1502,13:15:30,600,3387,266901,1,3387,5,3387.2
IF1502,13:15:31,100,3387.2,266915,3,3387,8,3387.4
IF1502,13:15:31,600,3387.2,266930,6,3386.8,3,3387.2
IF1502,13:15:32,100,3386.2,266955,23,3386,6,3386.4
IF1502,13:15:32,600,3386,267011,19,3386,8,3386.2
IF1502,13:15:33,100,3386,267052,13,3385.2,52,3386
IF1502,13:15:33,600,3385,267093,4,3384.8,1,3385
IF1502,13:15:34,100,3384.4,267119,6,3384.6,2,3384.8
IF1502,13:15:34,600,3385.4,267147,2,3385.4,55,3385.6
IF1502,13:15:35,100,3384.2,267177,1,3384.4,5,3384.6
IF1502,13:15:35,600,3383.6,267200,4,3383.6,2,3383.8
IF1502,13:15:36,100,3383.8,267211,4,3383.4,28,3383.6
IF1502,13:15:36,600,3383.6,267220,12,3383.2,34,3383.6
IF1502,13:15:37,100,3383.4,267229,4,3383.2,36,3383.6
IF1502,13:15:37,600,3384.2,267276,2,3384.2,5,3384.4
IF1502,13:15:38,100,3384.6,267289,2,3384.4,6,3384.6
IF1502,13:15:38,600,3384.8,267298,1,3384.6,5,3384.8
IF1502,13:15:39,100,3384.8,267303,1,3384.8,7,3385
IF1502,13:15:39,600,3384.6,267309,20,3384.6,8,3385
IF1502,13:15:40,100,3384.6,267336,8,3384.4,3,3384.8
IF1502,13:15:40,600,3384,267368,2,3383.6,2,3383.8
IF1502,13:15:41,100,3383.2,267408,3,3383.2,22,3384.2
IF1502,13:15:41,600,3383.8,267426,4,3383.4,2,3383.8
IF1502,13:15:42,100,3383.4,267429,6,3383.4,6,3383.8
IF1502,13:15:42,600,3384,267448,2,3384.4,4,3384.6
IF1502,13:15:43,100,3384.2,267455,6,3384,7,3384.4
IF1502,13:15:43,600,3384,267470,1,3384.2,4,3384.4
IF1502,13:15:44,100,3384.6,267474,14,3384.4,7,3384.6
IF1502,13:15:44,600,3384.2,267490,2,3384.2,63,3384.8
IF1502,13:15:45,100,3383.8,267502,11,3383.6,3,3384
IF1502,13:15:45,600,3383.4,267520,15,3383.4,4,3383.6
IF1502,13:15:46,100,3382.8,267558,3,3383,6,3383.4
IF1502,13:15:46,600,3382.8,267574,4,3382.6,4,3382.8
IF1502,13:15:47,100,3383.4,267589,9,3383,2,3383.4
IF1502,13:15:47,600,3383.4,267597,7,3383,5,3383.4
IF1502,13:15:48,100,3383.4,267615,4,3383,3,3383.4
IF1502,13:15:48,600,3383.6,267627,7,3383.4,4,3383.6
IF1502,13:15:49,100,3384,267643,13,3383.8,1,3384
IF1502,13:15:49,600,3384.4,267657,6,3384.2,7,3384.4
IF1502,13:15:50,100,3384.4,267675,5,3384.4,2,3384.6
IF1502,13:15:50,600,3384.8,267683,5,3384.6,4,3384.8
IF1502,13:15:51,100,3385,267692,7,3384.6,4,3384.8
IF1502,13:15:51,600,3384.6,267700,16,3384.6,4,3384.8
IF1502,13:15:52,100,3384.6,267704,15,3384.6,3,3384.8
IF1502,13:15:52,600,3384.6,267724,7,3384.6,5,3384.8
IF1502,13:15:53,100,3384.6,267739,10,3384.4,8,3384.8
IF1502,13:15:53,600,3384.4,267750,8,3384.4,2,3384.6
IF1502,13:15:54,100,3384.6,267767,4,3384.4,9,3384.6
IF1502,13:15:54,600,3384.4,267773,2,3384.4,9,3384.6
IF1502,13:15:55,100,3384.4,267784,15,3384.2,3,3384.4
IF1502,13:15:55,600,3384,267807,6,3384,7,3384.2
IF1502,13:15:56,100,3383.6,267826,13,3383.4,1,3384.2
IF1502,13:15:56,600,3383,267839,8,3383,4,3383.2
IF1502,13:15:57,100,3382.8,267853,8,3382.6,1,3382.8
IF1502,13:15:57,600,3382.4,267875,7,3382.4,2,3382.8
IF1502,13:15:58,100,3382,267887,11,3382,11,3382.4
IF1502,13:15:58,600,3382.4,267902,7,3382,2,3382.6
IF1502,13:15:59,100,3383.4,267920,10,3383,1,3383.4
IF1502,13:15:59,600,3383.4,267940,4,3383.4,6,3383.6
IF1502,13:16:00,100,3383.4,267947,3,3383.2,3,3383.4
IF1502,13:16:00,600,3383.6,267965,6,3383.4,4,3383.6
IF1502,13:16:01,100,3384.4,267989,27,3383.8,3,3384.6
IF1502,13:16:01,600,3384.4,267994,13,3384,1,3384.6
IF1502,13:16:02,100,3384.6,268003,3,3384.6,6,3384.8
IF1502,13:16:02,600,3384.8,268015,3,3384.6,1,3384.8
IF1502,13:16:03,100,3385,268033,3,3384.8,13,3385.2
IF1502,13:16:03,600,3384.8,268038,7,3384.8,2,3385
IF1502,13:16:04,100,3385.2,268050,2,3385,2,3385.2
IF1502,13:16:04,600,3384.8,268055,11,3384.8,4,3385
IF1502,13:16:05,100,3384.6,268071,4,3384.4,6,3384.6
IF1502,13:16:05,600,3384.4,268080,5,3384.2,1,3384.6
IF1502,13:16:06,100,3384.4,268089,3,3384.2,48,3384.8
IF1502,13:16:06,600,3383.8,268097,16,3383.6,2,3383.8
IF1502,13:16:07,100,3383.8,268104,3,3383.8,2,3384
IF1502,13:16:07,600,3384,268110,1,3384,3,3384.2
IF1502,13:16:08,100,3383.8,268114,4,3383.8,4,3384
IF1502,13:16:08,600,3384,268124,4,3383.8,2,3384
IF1502,13:16:09,100,3384.4,268136,37,3383.8,3,3384.6
IF1502,13:16:09,600,3384.4,268147,3,3384.2,1,3384.4
IF1502,13:16:10,100,3384.2,268158,16,3384.2,2,3384.6
IF1502,13:16:10,600,3385,268170,7,3384.4,2,3384.6
IF1502,13:16:11,100,3384.4,268173,11,3384.4,2,3384.8
IF1502,13:16:11,600,3384.8,268185,1,3384.8,7,3385
IF1502,13:16:12,100,3384.6,268187,3,3384.6,8,3385
IF1502,13:16:12,600,3385,268189,3,3384.8,5,3385
IF1502,13:16:13,100,3385.2,268198,5,3385,1,3385.2
IF1502,13:16:13,600,3385.6,268205,2,3385.4,4,3385.6
IF1502,13:16:14,100,3386,268221,1,3385.8,3,3386
IF1502,13:16:14,600,3386.8,268233,7,3386.6,2,3386.8
IF1502,13:16:15,100,3386.8,268245,12,3386.6,16,3387
IF1502,13:16:15,600,3386.8,268249,13,3386.6,2,3386.8
IF1502,13:16:16,100,3386.6,268272,14,3386.6,46,3386.8
IF1502,13:16:16,600,3386.2,268294,2,3386.2,3,3386.6
IF1502,13:16:17,100,3386.2,268307,5,3386,51,3386.4
IF1502,13:16:17,600,3385.8,268315,10,3385.8,1,3386
IF1502,13:16:18,100,3386.6,268333,2,3386.4,4,3386.6
IF1502,13:16:18,600,3386.6,268342,3,3386.4,3,3386.8
IF1502,13:16:19,100,3386.6,268348,23,3386.6,1,3386.8
IF1502,13:16:19,600,3386.6,268355,16,3386.6,3,3386.8
IF1502,13:16:20,100,3386.4,268385,4,3386.4,36,3386.8
IF1502,13:16:20,600,3385.8,268404,3,3385.6,3,3386
IF1502,13:16:21,100,3385.8,268414,3,3385.6,1,3386
IF1502,13:16:21,600,3386.2,268423,9,3386,2,3386.2
IF1502,13:16:22,100,3387,268435,7,3386,1,3386.2
IF1502,13:16:22,600,3386.4,268441,2,3386.2,1,3386.6
IF1502,13:16:23,100,3386,268460,2,3386,41,3386.6
IF1502,13:16:23,600,3386.2,268470,4,3386,1,3386.2
IF1502,13:16:24,100,3386,268486,5,3386,55,3386.4
IF1502,13:16:24,600,3385.8,268492,5,3385.8,8,3386
IF1502,13:16:25,100,3385.6,268500,7,3385.4,1,3385.6
IF1502,13:16:25,600,3385.4,268507,2,3385.4,3,3385.6
IF1502,13:16:26,100,3385.2,268510,7,3385.2,8,3385.4
IF1502,13:16:26,600,3385,268526,8,3385,1,3385.2
IF1502,13:16:27,100,3384.6,268545,9,3384.6,1,3384.8
IF1502,13:16:27,600,3384.2,268555,1,3384.2,36,3384.6
IF1502,13:16:28,100,3383.8,268577,3,3383.8,47,3384.2
IF1502,13:16:28,600,3383.6,268591,7,3383.4,8,3383.8
IF1502,13:16:29,100,3383.4,268595,4,3383.4,1,3383.6
IF1502,13:16:29,600,3383.2,268609,16,3383.2,1,3383.6
IF1502,13:16:30,100,3383.4,268614,15,3383.2,12,3383.8
IF1502,13:16:30,600,3383.8,268621,4,3383.4,6,3383.8
IF1502,13:16:31,100,3384,268627,2,3383.8,2,3384
IF1502,13:16:31,600,3384.6,268642,3,3384,2,3384.4
IF1502,13:16:32,100,3384,268655,8,3383.8,1,3384.2
IF1502,13:16:32,600,3383.8,268672,22,3384.2,43,3384.4
IF1502,13:16:33,100,3383.8,268683,11,3384.2,39,3384.4
IF1502,13:16:33,600,3383.8,268699,6,3383.6,1,3383.8
IF1502,13:16:34,100,3384.4,268708,38,3383.8,2,3384.4
IF1502,13:16:34,600,3383.6,268718,15,3383.4,2,3383.8
IF1502,13:16:35,100,3384.2,268733,71,3384.2,52,3384.4
IF1502,13:16:35,600,3383.2,268813,26,3383.2,1,3383.4
IF1502,13:16:36,100,3383.2,268835,6,3383.2,2,3383.4
IF1502,13:16:36,600,3383,268848,30,3383.2,48,3383.6
